%;; -*- eval: (git-auto-commit-mode 1) -*-
%;; -*- eval: (setq magit-auto-revert-mode 't) -*-

@ARTICLE{masui-2015b,
   author = {{Masui}, K. and {Lin}, H.-H. and {Sievers}, J. and {Anderson}, C.~J. and 
  {Chang}, T.-C. and {Chen}, X. and {Ganguly}, A. and {Jarvis}, M. and 
  {Kuo}, C.-Y. and {Li}, Y.-C. and {Liao}, Y.-W. and {McLaughlin}, M. and 
  {Pen}, U.-L. and {Peterson}, J.~B. and {Roman}, A. and {Timbie}, P.~T. and 
  {Voytek}, T. and {Yadav}, J.~K.},
    title = "{Dense magnetized plasma associated with a fast radio burst}",
  journal = {\nat},
archivePrefix = "arXiv",
   eprint = {1512.00529},
 primaryClass = "astro-ph.HE",
     year = 2015,
    month = dec,
   volume = 528,
    pages = {523-525},
      doi = {10.1038/nature15769},
   adsurl = {http://adsabs.harvard.edu/abs/2015Natur.528..523M},
  adsnote = {Provided by the SAO/NASA Astrophysics Data System}
}

@ARTICLE{marcote20,
       author = {{Marcote}, B. and {Nimmo}, K. and {Hessels}, J.~W.~T. and
         {Tendulkar}, S.~P. and {Bassa}, C.~G. and {Paragi}, Z. and
         {Keimpema}, A. and {Bhardwaj}, M. and {Karuppusamy}, R. and
         {Kaspi}, V.~M. and {Law}, C.~J. and {Michilli}, D. and {Aggarwal}, K. and
         {Andersen}, B. and {Archibald}, A.~M. and {Bandura}, K. and
         {Bower}, G.~C. and {Boyle}, P.~J. and {Brar}, C. and
         {Burke-Spolaor}, S. and {Butler}, B.~J. and {Cassanelli}, T. and
         {Chawla}, P. and {Demorest}, P. and {Dobbs}, M. and {Fonseca}, E. and
         {Giri}, U. and {Good}, D.~C. and {Gourdji}, K. and {Josephy}, A. and
         {Kirichenko}, A. Yu. and {Kirsten}, F. and {Landecker}, T.~L. and
         {Lang}, D. and {Lazio}, T.~J.~W. and {Li}, D.~Z. and {Lin}, H. -H. and
         {Linford}, J.~D. and {Masui}, K. and {Mena-Parra}, J. and {Naidu}, A. and
         {Ng}, C. and {Patel}, C. and {Pen}, U. -L. and {Pleunis}, Z. and
         {Rafiei-Ravandi}, M. and {Rahman}, M. and {Renard}, A. and
         {Scholz}, P. and {Siegel}, S.~R. and {Smith}, K.~M. and
         {Stairs}, I.~H. and {Vanderlinde}, K. and {Zwaniga}, A.~V.},
        title = "{A repeating fast radio burst source localized to a nearby spiral galaxy}",
      journal = {\nat},
     keywords = {Astrophysics - High Energy Astrophysical Phenomena, Astrophysics - Instrumentation and Methods for Astrophysics},
         year = 2020,
        month = jan,
       volume = {577},
       number = {7789},
        pages = {190-194},
          doi = {10.1038/s41586-019-1866-z},
archivePrefix = {arXiv},
       eprint = {2001.02222},
 primaryClass = {astro-ph.HE},
       adsurl = {https://ui.adsabs.harvard.edu/abs/2020Natur.577..190M},
      adsnote = {Provided by the SAO/NASA Astrophysics Data System}
}



@ARTICLE{fonseca-2020-apj,
       author = {{Fonseca}, E. and {Andersen}, B.~C. and {Bhardwaj}, M. and {Chawla}, P. and
         {Good}, D.~C. and {Josephy}, A. and {Kaspi}, V.~M. and {Masui}, K.~W. and
         {Mckinven}, R. and {Michilli}, D. and {Pleunis}, Z. and {Shin}, K. and
         {Tendulkar}, S.~P. and {Bandura}, K.~M. and {Boyle}, P.~J. and
         {Brar}, C. and {Cassanelli}, T. and {Cubranic}, D. and {Dobbs}, M. and
         {Dong}, F.~Q. and {Gaensler}, B.~M. and {Hinshaw}, G. and {Land
        ecker}, T.~L. and {Leung}, C. and {Li}, D.~Z. and {Lin}, H. -H. and
         {Mena-Parra}, J. and {Merryfield}, M. and {Naidu}, A. and {Ng}, C. and
         {Patel}, C. and {Pen}, U. and {Rafiei-Ravandi}, M. and {Rahman}, M. and
         {Ransom}, S.~M. and {Scholz}, P. and {Smith}, K.~M. and
         {Stairs}, I.~H. and {Vanderlinde}, K. and {Yadav}, P. and
         {Zwaniga}, A.~V.},
        title = "{Nine New Repeating Fast Radio Burst Sources from CHIME/FRB}",
      journal = {\apjl},
     keywords = {Astrophysics - High Energy Astrophysical Phenomena},
         year = 2020,
        month = mar,
       volume = {891},
       number = {1},
          eid = {L6},
        pages = {L6},
          doi = {10.3847/2041-8213/ab7208},
archivePrefix = {arXiv},
       eprint = {2001.03595},
 primaryClass = {astro-ph.HE},
       adsurl = {https://ui.adsabs.harvard.edu/abs/2020ApJ...891L...6F},
      adsnote = {Provided by the SAO/NASA Astrophysics Data System}
}



@ARTICLE{belobordov-2019,
       author = {{Beloborodov}, Andrei M.},
        title = "{Blast Waves from Magnetar Flares and Fast Radio Bursts}",
      journal = {\apj},
     keywords = {UAT:1108, UAT:992, UAT:1339, UAT:1261, UAT:2086, UAT:1164, Astrophysics - High Energy Astrophysical Phenomena},
         year = 2020,
        month = jun,
       volume = {896},
       number = {2},
          eid = {142},
        pages = {142},
          doi = {10.3847/1538-4357/ab83eb},
archivePrefix = {arXiv},
       eprint = {1908.07743},
 primaryClass = {astro-ph.HE},
       adsurl = {https://ui.adsabs.harvard.edu/abs/2020ApJ...896..142B},
      adsnote = {Provided by the SAO/NASA Astrophysics Data System}
}



@ARTICLE{beloborodov-2017,
       author = {{Beloborodov}, Andrei M.},
        title = "{A Flaring Magnetar in FRB 121102?}",
      journal = {\apjl},
     keywords = {dense matter, magnetic fields, radiation mechanisms: general, relativistic processes, stars: magnetars, supernovae: general, Astrophysics - High Energy Astrophysical Phenomena},
         year = 2017,
        month = jul,
       volume = {843},
       number = {2},
          eid = {L26},
        pages = {L26},
          doi = {10.3847/2041-8213/aa78f3},
archivePrefix = {arXiv},
       eprint = {1702.08644},
 primaryClass = {astro-ph.HE},
       adsurl = {https://ui.adsabs.harvard.edu/abs/2017ApJ...843L..26B},
      adsnote = {Provided by the SAO/NASA Astrophysics Data System}
}



@ARTICLE{rajwade-2020,
       author = {{Rajwade}, K.~M. and {Mickaliger}, M.~B. and {Stappers}, B.~W. and
         {Morello}, V. and {Agarwal}, D. and {Bassa}, C.~G. and {Breton}, R.~P. and
         {Caleb}, M. and {Karastergiou}, A. and {Keane}, E.~F. and
         {Lorimer}, D.~R.},
        title = "{Possible periodic activity in the repeating FRB 121102}",
      journal = {\mnras},
     keywords = {surveys, binaries: general, radio continuum: transients, Astrophysics - High Energy Astrophysical Phenomena},
         year = 2020,
        month = may,
       volume = {495},
       number = {4},
        pages = {3551-3558},
          doi = {10.1093/mnras/staa1237},
archivePrefix = {arXiv},
       eprint = {2003.03596},
 primaryClass = {astro-ph.HE},
       adsurl = {https://ui.adsabs.harvard.edu/abs/2020MNRAS.495.3551R},
      adsnote = {Provided by the SAO/NASA Astrophysics Data System}
}



@ARTICLE{lyubarsky-2014,
       author = {{Lyubarsky}, Yu.},
        title = "{A model for fast extragalactic radio bursts.}",
      journal = {\mnras},
     keywords = {magnetic fields, masers, radiation mechanisms: non-thermal, shock waves, stars: neutron, Astrophysics - High Energy Astrophysical Phenomena},
         year = 2014,
        month = jul,
       volume = {442},
        pages = {L9-L13},
          doi = {10.1093/mnrasl/slu046},
archivePrefix = {arXiv},
       eprint = {1401.6674},
 primaryClass = {astro-ph.HE},
       adsurl = {https://ui.adsabs.harvard.edu/abs/2014MNRAS.442L...9L},
      adsnote = {Provided by the SAO/NASA Astrophysics Data System}
}

@ARTICLE{ashman-1994,
       author = {{Ashman}, Keith M. and {Bird}, Christina M. and {Zepf}, Stephen E.},
        title = "{Detecting Bimodality in Astrometrical Datasets}",
      journal = {\aj},
     keywords = {Algorithms, Computerized Simulation, Data Processing, Likelihood Ratio, Statistical Analysis, Statistical Distributions, Fortran, Galactic Clusters, Gamma Ray Bursts, Globular Clusters, Metallicity, Milky Way Galaxy, Velocity Distribution, Astrophysics, ASTRONOMICAL DATA BASES: MISCELLANEOUS, Astrophysics},
         year = 1994,
        month = dec,
       volume = {108},
        pages = {2348},
          doi = {10.1086/117248},
archivePrefix = {arXiv},
       eprint = {astro-ph/9408030},
 primaryClass = {astro-ph},
       adsurl = {https://ui.adsabs.harvard.edu/abs/1994AJ....108.2348A},
      adsnote = {Provided by the SAO/NASA Astrophysics Data System}
}



@ARTICLE{margalit-2020a,
       author = {{Margalit}, Ben and {Metzger}, Brian D. and {Sironi}, Lorenzo},
        title = "{Constraints on the engines of fast radio bursts}",
      journal = {\mnras},
     keywords = {acceleration of particles, plasmas, stars: magnetars, stars: neutron, Astrophysics - High Energy Astrophysical Phenomena},
         year = 2020,
        month = apr,
       volume = {494},
       number = {4},
        pages = {4627-4644},
          doi = {10.1093/mnras/staa1036},
archivePrefix = {arXiv},
       eprint = {1911.05765},
 primaryClass = {astro-ph.HE},
       adsurl = {https://ui.adsabs.harvard.edu/abs/2020MNRAS.494.4627M},
      adsnote = {Provided by the SAO/NASA Astrophysics Data System}
}

@article{Gajjar_2018,
	doi = {10.3847/1538-4357/aad005},
	year = 2018,
	month = {aug},
	publisher = {American Astronomical Society},
	volume = {863},
	number = {1},
	pages = {2},
	author = {V. Gajjar and A. P. V. Siemion and D. C. Price and C. J. Law and D. Michilli and J. W. T. Hessels and S. Chatterjee and A. M. Archibald and G. C. Bower and C. Brinkman and S. Burke-Spolaor and J. M. Cordes and S. Croft and J. Emilio Enriquez and G. Foster and N. Gizani and G. Hellbourg and H. Isaacson and V. M. Kaspi and T. J. W. Lazio and M. Lebofsky and R. S. Lynch and D. MacMahon and M. A. McLaughlin and S. M. Ransom and P. Scholz and A. Seymour and L. G. Spitler and S. P. Tendulkar and D. Werthimer and Y. G. Zhang},
	title = {Highest Frequency Detection of {FRB} 121102 at 4{\textendash}8 {GHz} Using the Breakthrough Listen Digital Backend at the Green Bank Telescope},
	journal = {\apj}}

@ARTICLE{Madhavacheril-2019,
       author = {{Madhavacheril}, Mathew S. and {Battaglia}, Nicholas and
         {Smith}, Kendrick M. and {Sievers}, Jonathan L.},
        title = "{Cosmology with the kinematic Sunyaev-Zeldovich effect: Breaking the optical depth degeneracy with fast radio bursts}",
      journal = {\prd},
         year = 2019,
        month = nov,
       volume = {100},
       number = {10},
          eid = {103532},
        pages = {103532},
          doi = {10.1103/PhysRevD.100.103532},
       adsurl = {https://ui.adsabs.harvard.edu/abs/2019PhRvD.100j3532M},
      adsnote = {Provided by the SAO/NASA Astrophysics Data System}
}



@ARTICLE{weltman-2019,
       author = {{Weltman}, Amanda and {Walters}, Anthony},
        title = "{Fast Radio Burst Cosmology and HIRAX}",
      journal = {arXiv e-prints},
     keywords = {Astrophysics - Cosmology and Nongalactic Astrophysics, Astrophysics - High Energy Astrophysical Phenomena, High Energy Physics - Phenomenology},
         year = 2019,
        month = may,
          eid = {arXiv:1905.07132},
        pages = {arXiv:1905.07132},
archivePrefix = {arXiv},
       eprint = {1905.07132},
 primaryClass = {astro-ph.CO},
       adsurl = {https://ui.adsabs.harvard.edu/abs/2019arXiv190507132W},
      adsnote = {Provided by the SAO/NASA Astrophysics Data System}
}



@ARTICLE{cordes-2016,
       author = {{Cordes}, J.~M. and {Wasserman}, Ira},
        title = "{Supergiant pulses from extragalactic neutron stars}",
      journal = {\mnras},
     keywords = {gravitational lensing: micro, relativistic processes, stars: neutron, Astrophysics - High Energy Astrophysical Phenomena},
         year = 2016,
        month = mar,
       volume = {457},
       number = {1},
        pages = {232-257},
          doi = {10.1093/mnras/stv2948},
archivePrefix = {arXiv},
       eprint = {1501.00753},
 primaryClass = {astro-ph.HE},
       adsurl = {https://ui.adsabs.harvard.edu/abs/2016MNRAS.457..232C},
      adsnote = {Provided by the SAO/NASA Astrophysics Data System}
}


@ARTICLE{kumar-lu-2017,
       author = {{Kumar}, Pawan and {Lu}, Wenbin and {Bhattacharya}, Mukul},
        title = "{Fast radio burst source properties and curvature radiation model}",
      journal = {\mnras},
     keywords = {magnetic fields, radiation mechanisms: non-thermal, methods: analytical, stars: neutron, Astrophysics - High Energy Astrophysical Phenomena},
         year = 2017,
        month = jul,
       volume = {468},
       number = {3},
        pages = {2726-2739},
          doi = {10.1093/mnras/stx665},
archivePrefix = {arXiv},
       eprint = {1703.06139},
 primaryClass = {astro-ph.HE},
       adsurl = {https://ui.adsabs.harvard.edu/abs/2017MNRAS.468.2726K},
      adsnote = {Provided by the SAO/NASA Astrophysics Data System}
}


@ARTICLE{connor-2018a,
       author = {{Connor}, Liam and {Petroff}, Emily},
        title = "{On Detecting Repetition from Fast Radio Bursts}",
      journal = {\apjl},
     keywords = {methods: observational, methods: statistical, pulsars: general, Astrophysics - High Energy Astrophysical Phenomena},
         year = 2018,
        month = jul,
       volume = {861},
       number = {1},
          eid = {L1},
        pages = {L1},
          doi = {10.3847/2041-8213/aacd02},
archivePrefix = {arXiv},
       eprint = {1804.00896},
 primaryClass = {astro-ph.HE},
       adsurl = {https://ui.adsabs.harvard.edu/abs/2018ApJ...861L...1C},
      adsnote = {Provided by the SAO/NASA Astrophysics Data System}
}



@ARTICLE{Nicholl-2017,
       author = {{Nicholl}, M. and {Williams}, P.~K.~G. and {Berger}, E. and
         {Villar}, V.~A. and {Alexander}, K.~D. and {Eftekhari}, T. and
         {Metzger}, B.~D.},
        title = "{Empirical Constraints on the Origin of Fast Radio Bursts: Volumetric Rates and Host Galaxy Demographics as a Test of Millisecond Magnetar Connection}",
      journal = {\apj},
     keywords = {galaxies: dwarf, gamma-ray burst: general, radio continuum: general, relativistic processes, stars: magnetars, supernovae: general, Astrophysics - High Energy Astrophysical Phenomena, Astrophysics - Cosmology and Nongalactic Astrophysics},
         year = 2017,
        month = jul,
       volume = {843},
       number = {2},
          eid = {84},
        pages = {84},
          doi = {10.3847/1538-4357/aa794d},
archivePrefix = {arXiv},
       eprint = {1704.00022},
 primaryClass = {astro-ph.HE},
       adsurl = {https://ui.adsabs.harvard.edu/abs/2017ApJ...843...84N},
      adsnote = {Provided by the SAO/NASA Astrophysics Data System}
}



@ARTICLE{wang-2014,
       author = {{Wang}, H.~G. and {Pi}, F.~P. and {Zheng}, X.~P. and {Deng}, C.~L. and
         {Wen}, S.~Q. and {Ye}, F. and {Guan}, K.~Y. and {Liu}, Y. and
         {Xu}, L.~Q.},
        title = "{A Fan Beam Model for Radio Pulsars. I. Observational Evidence}",
      journal = {\apj},
     keywords = {methods: statistical, pulsars: general, radiation mechanisms: non-thermal, Astrophysics - High Energy Astrophysical Phenomena, Astrophysics - Solar and Stellar Astrophysics},
         year = 2014,
        month = jul,
       volume = {789},
       number = {1},
          eid = {73},
        pages = {73},
          doi = {10.1088/0004-637X/789/1/73},
archivePrefix = {arXiv},
       eprint = {1405.6825},
 primaryClass = {astro-ph.HE},
       adsurl = {https://ui.adsabs.harvard.edu/abs/2014ApJ...789...73W},
      adsnote = {Provided by the SAO/NASA Astrophysics Data System}
}



@ARTICLE{johnston-2017,
       author = {{Johnston}, Simon and {Karastergiou}, A.},
        title = "{Pulsar braking and the P-dot\{P\} diagram}",
      journal = {\mnras},
     keywords = {pulsars: general, Astrophysics - High Energy Astrophysical Phenomena, Astrophysics - Solar and Stellar Astrophysics},
         year = 2017,
        month = may,
       volume = {467},
       number = {3},
        pages = {3493-3499},
          doi = {10.1093/mnras/stx377},
archivePrefix = {arXiv},
       eprint = {1702.03616},
 primaryClass = {astro-ph.HE},
       adsurl = {https://ui.adsabs.harvard.edu/abs/2017MNRAS.467.3493J},
      adsnote = {Provided by the SAO/NASA Astrophysics Data System}
}



@ARTICLE{rankin-1990,
       author = {{Rankin}, Joanna M.},
        title = "{Toward an Empirical Theory of Pulsar Emission. IV. Geometry of the Core Emission Region}",
      journal = {\apj},
     keywords = {Emission Spectra, Pulsars, Stellar Cores, Histograms, Particle Acceleration, Stellar Magnetic Fields, Stellar Radiation, Stellar Spectra, Astrophysics, PULSARS},
         year = 1990,
        month = mar,
       volume = {352},
        pages = {247},
          doi = {10.1086/168530},
       adsurl = {https://ui.adsabs.harvard.edu/abs/1990ApJ...352..247R},
      adsnote = {Provided by the SAO/NASA Astrophysics Data System}
}



@ARTICLE{michel-1987,
       author = {{Michel}, F. Curtis},
        title = "{A Pulsar Emission Model: Observational Tests}",
      journal = {\apj},
     keywords = {Astronomical Models, Magnetic Field Configurations, Pulsars, Radio Emission, Stellar Magnetic Fields, Circular Polarization, Radio Astronomy, Astrophysics, HYDROMAGNETICS, PULSARS, RADIATION MECHANISMS},
         year = 1987,
        month = nov,
       volume = {322},
        pages = {822},
          doi = {10.1086/165775},
       adsurl = {https://ui.adsabs.harvard.edu/abs/1987ApJ...322..822M},
      adsnote = {Provided by the SAO/NASA Astrophysics Data System}
}



@ARTICLE{oswald-2019,
       author = {{Oswald}, Lucy and {Karastergiou}, Aris and {Johnston}, Simon},
        title = "{Understanding the radio beam of PSR J1136+1551 through its single pulses}",
      journal = {\mnras},
     keywords = {pulsars: general, pulsars: individual: PSR J1136+1551, pulsars: individual: PSR B1133+16, Astrophysics - High Energy Astrophysical Phenomena},
         year = 2019,
        month = oct,
       volume = {489},
       number = {1},
        pages = {310-324},
          doi = {10.1093/mnras/stz2121},
archivePrefix = {arXiv},
       eprint = {1907.13047},
 primaryClass = {astro-ph.HE},
       adsurl = {https://ui.adsabs.harvard.edu/abs/2019MNRAS.489..310O},
      adsnote = {Provided by the SAO/NASA Astrophysics Data System}
}



@ARTICLE{katz-2017,
       author = {{Katz}, J.~I.},
        title = "{Are fast radio bursts wandering narrow beams?}",
      journal = {\mnras},
     keywords = {pulsars: general, radio continuum: general, Astrophysics - High Energy Astrophysical Phenomena, Astrophysics - Solar and Stellar Astrophysics},
         year = 2017,
        month = may,
       volume = {467},
       number = {1},
        pages = {L96-L99},
          doi = {10.1093/mnrasl/slx014},
archivePrefix = {arXiv},
       eprint = {1611.01243},
 primaryClass = {astro-ph.HE},
       adsurl = {https://ui.adsabs.harvard.edu/abs/2017MNRAS.467L..96K},
      adsnote = {Provided by the SAO/NASA Astrophysics Data System}
}



@ARTICLE{law-2018,
       author = {{Law}, C.~J. and {Bower}, G.~C. and {Burke-Spolaor}, S. and
         {Butler}, B.~J. and {Demorest}, P. and {Halle}, A. and {Khudikyan}, S. and
         {Lazio}, T.~J.~W. and {Pokorny}, M. and {Robnett}, J. and
         {Rupen}, M.~P.},
        title = "{realfast: Real-time, Commensal Fast Transient Surveys with the Very Large Array}",
      journal = {\apjs},
     keywords = {instrumentation: interferometers, methods: data analysis, radio continuum: general, surveys, Astrophysics - Instrumentation and Methods for Astrophysics},
         year = 2018,
        month = may,
       volume = {236},
       number = {1},
          eid = {8},
        pages = {8},
          doi = {10.3847/1538-4365/aab77b},
archivePrefix = {arXiv},
       eprint = {1802.03084},
 primaryClass = {astro-ph.IM},
       adsurl = {https://ui.adsabs.harvard.edu/abs/2018ApJS..236....8L},
      adsnote = {Provided by the SAO/NASA Astrophysics Data System}
}



@ARTICLE{ravi-2019-repeaters,
       author = {{Ravi}, Vikram},
        title = "{The prevalence of repeating fast radio bursts}",
      journal = {Nature Astronomy},
     keywords = {Astrophysics - High Energy Astrophysical Phenomena, Astrophysics - Cosmology and Nongalactic Astrophysics, Astrophysics - Solar and Stellar Astrophysics},
         year = 2019,
        month = jul,
       volume = {3},
        pages = {928-931},
          doi = {10.1038/s41550-019-0831-y},
archivePrefix = {arXiv},
       eprint = {1907.06619},
 primaryClass = {astro-ph.HE},
       adsurl = {https://ui.adsabs.harvard.edu/abs/2019NatAs...3..928R},
      adsnote = {Provided by the SAO/NASA Astrophysics Data System}
}



@ARTICLE{metzger-2019,
       author = {{Metzger}, Brian D. and {Margalit}, Ben and {Sironi}, Lorenzo},
        title = "{Fast radio bursts as synchrotron maser emission from decelerating relativistic blast waves}",
      journal = {\mnras},
     keywords = {Shock waves, stars: neutron, Astrophysics - High Energy Astrophysical Phenomena},
         year = 2019,
        month = may,
       volume = {485},
       number = {3},
        pages = {4091-4106},
          doi = {10.1093/mnras/stz700},
archivePrefix = {arXiv},
       eprint = {1902.01866},
 primaryClass = {astro-ph.HE},
       adsurl = {https://ui.adsabs.harvard.edu/abs/2019MNRAS.485.4091M},
      adsnote = {Provided by the SAO/NASA Astrophysics Data System}
}

@ARTICLE{Kouveliotou-1993,
       author = {{Kouveliotou}, Chryssa and {Meegan}, Charles A. and
         {Fishman}, Gerald J. and {Bhat}, Narayana P. and {Briggs}, Michael S. and
         {Koshut}, Thomas M. and {Paciesas}, William S. and
         {Pendleton}, Geoffrey N.},
        title = "{Identification of Two Classes of Gamma-Ray Bursts}",
      journal = {\apjl},
     keywords = {Astronomical Catalogs, Gamma Ray Bursts, Gamma Ray Observatory, Frequency Distribution, Spatial Distribution, Transient Response, Space Radiation, GAMMA RAYS: BURSTS},
         year = 1993,
        month = aug,
       volume = {413},
        pages = {L101},
          doi = {10.1086/186969},
       adsurl = {https://ui.adsabs.harvard.edu/abs/1993ApJ...413L.101K},
      adsnote = {Provided by the SAO/NASA Astrophysics Data System}
}

@ARTICLE{mottez-2020,
       author = {{Mottez}, Fabrice and {Voisin}, Guillaume and {Zarka}, Philippe},
        title = "{Repeating fast radio bursts caused by small bodies orbiting a pulsar or a magnetar}",
      journal = {arXiv e-prints},
     keywords = {Astrophysics - High Energy Astrophysical Phenomena},
         year = 2020,
        month = feb,
          eid = {arXiv:2002.12834},
        pages = {arXiv:2002.12834},
archivePrefix = {arXiv},
       eprint = {2002.12834},
 primaryClass = {astro-ph.HE},
       adsurl = {https://ui.adsabs.harvard.edu/abs/2020arXiv200212834M},
      adsnote = {Provided by the SAO/NASA Astrophysics Data System}
}



@INPROCEEDINGS{mottez-zarka-2015,
       author = {{Mottez}, F. and {Zarka}, P.},
        title = "{The electromagnetic interaction of a planet with a rotation-powered pulsar wind: an explanation to fast radio bursts}",
     keywords = {pulsar, exoplanet, white dwarf, asteroid, magnetosphere, radio emission, Lorimer burst, fast radio bursts, radio transients, Alfv{\'e}n wings},
    booktitle = {SF2A-2015: Proceedings of the Annual meeting of the French Society of Astronomy and Astrophysics},
         year = 2015,
        month = dec,
        pages = {237-240},
       adsurl = {https://ui.adsabs.harvard.edu/abs/2015sf2a.conf..237M},
      adsnote = {Provided by the SAO/NASA Astrophysics Data System}
}





@ARTICLE{scholz-2016,
       author = {{Scholz}, P. and {Spitler}, L.~G. and {Hessels}, J.~W.~T. and
         {Chatterjee}, S. and {Cordes}, J.~M. and {Kaspi}, V.~M. and
         {Wharton}, R.~S. and {Bassa}, C.~G. and {Bogdanov}, S. and
         {Camilo}, F. and {Crawford}, F. and {Deneva}, J. and {van Leeuwen}, J. and
         {Lynch}, R. and {Madsen}, E.~C. and {McLaughlin}, M.~A. and
         {Mickaliger}, M. and {Parent}, E. and {Patel}, C. and {Ransom}, S.~M. and
         {Seymour}, A. and {Stairs}, I.~H. and {Stappers}, B.~W. and
         {Tendulkar}, S.~P.},
        title = "{The Repeating Fast Radio Burst FRB 121102: Multi-wavelength Observations and Additional Bursts}",
      journal = {\apj},
     keywords = {pulsars: general, radio continuum: general, stars: neutron, X-rays: general, Astrophysics - High Energy Astrophysical Phenomena},
         year = 2016,
        month = dec,
       volume = {833},
       number = {2},
          eid = {177},
        pages = {177},
          doi = {10.3847/1538-4357/833/2/177},
archivePrefix = {arXiv},
       eprint = {1603.08880},
 primaryClass = {astro-ph.HE},
       adsurl = {https://ui.adsabs.harvard.edu/abs/2016ApJ...833..177S},
      adsnote = {Provided by the SAO/NASA Astrophysics Data System}
}



@ARTICLE{josephy-2019,
       author = {{Josephy}, A. and {Chawla}, P. and {Fonseca}, E. and {Ng}, C. and
         {Patel}, C. and {Pleunis}, Z. and {Scholz}, P. and {Andersen}, B.~C. and
         {Bandura}, K. and {Bhardwaj}, M. and {Boyce}, M.~M. and {Boyle}, P.~J. and
         {Brar}, C. and {Cubranic}, D. and {Dobbs}, M. and {Gaensler}, B.~M. and
         {Gill}, A. and {Giri}, U. and {Good}, D.~C. and {Halpern}, M. and
         {Hinshaw}, G. and {Kaspi}, V.~M. and {Landecker}, T.~L. and
         {Lang}, D.~A. and {Lin}, H. -H. and {Masui}, K.~W. and {Mckinven}, R. and
         {Mena-Parra}, J. and {Merryfield}, M. and {Michilli}, D. and
         {Milutinovic}, N. and {Naidu}, A. and {Pen}, U. and {Rafiei-Ravand
        i}, M. and {Rahman}, M. and {Ransom}, S.~M. and {Renard}, A. and
         {Siegel}, S.~R. and {Smith}, K.~M. and {Stairs}, I.~H. and
         {Tendulkar}, S.~P. and {Vanderlinde}, K. and {Yadav}, P. and
         {Zwaniga}, A.~V.},
        title = "{CHIME/FRB Detection of the Original Repeating Fast Radio Burst Source FRB 121102}",
      journal = {\apjl},
     keywords = {Radio bursts, Radio transient sources, Astrophysics - High Energy Astrophysical Phenomena, Astrophysics - Instrumentation and Methods for Astrophysics},
         year = 2019,
        month = sep,
       volume = {882},
       number = {2},
          eid = {L18},
        pages = {L18},
          doi = {10.3847/2041-8213/ab2c00},
archivePrefix = {arXiv},
       eprint = {1906.11305},
 primaryClass = {astro-ph.HE},
       adsurl = {https://ui.adsabs.harvard.edu/abs/2019ApJ...882L..18J},
      adsnote = {Provided by the SAO/NASA Astrophysics Data System}
}



@ARTICLE{chime-2020-periodicity,
       author = {{The CHIME/FRB Collaboration} and {Amiri}, M. and {Andersen}, B.~C. and
         {Bandura}, K.~M. and {Bhardwaj}, M. and {Boyle}, P.~J. and {Brar}, C. and
         {Chawla}, P. and {Chen}, T. and {Cliche}, J.~F. and {Cubranic}, D. and
         {Deng}, M. and {Denman}, N.~T. and {Dobbs}, M. and {Dong}, F.~Q. and {Fand
        ino}, M. and {Fonseca}, E. and {Gaensler}, B.~M. and {Giri}, U. and
         {Good}, D.~C. and {Halpern}, M. and {Hessels}, J.~W.~T. and
         {Hill}, A.~S. and {H{\"o}fer}, C. and {Josephy}, A. and {Kania}, J.~W. and
         {Karuppusamy}, R. and {Kaspi}, V.~M. and {Keimpema}, A. and
         {Kirsten}, F. and {Landecker}, T.~L. and {Lang}, D.~A. and {Leung}, C. and
         {Li}, D.~Z. and {Lin}, H. -H. and {Marcote}, B. and {Masui}, K.~W. and
         {Mckinven}, R. and {Mena-Parra}, J. and {Merryfield}, M. and
         {Michilli}, D. and {Milutinovic}, N. and {Mirhosseini}, A. and
         {Naidu}, A. and {Newburgh}, L.~B. and {Ng}, C. and {Nimmo}, K. and
         {Paragi}, Z. and {Patel}, C. and {Pen}, U. -L. and
         {Pinsonneault-Marotte}, T. and {Pleunis}, Z. and {Rafiei-Ravandi}, M. and
         {Rahman}, M. and {Ransom}, S.~M. and {Renard}, A. and {Sanghavi}, P. and
         {Scholz}, P. and {Shaw}, J.~R. and {Shin}, K. and {Siegel}, S.~R. and
         {Singh}, S. and {Smegal}, R.~J. and {Smith}, K.~M. and {Stairs}, I.~H. and
         {Tendulkar}, S.~P. and {Tretyakov}, I. and {Vanderlinde}, K. and
         {Wang}, H. and {Wang}, X. and {Wulf}, D. and {Yadav}, P. and
         {Zwaniga}, A.~V.},
        title = "{Periodic activity from a fast radio burst source}",
      journal = {arXiv e-prints},
     keywords = {Astrophysics - High Energy Astrophysical Phenomena},
         year = 2020,
        month = jan,
          eid = {arXiv:2001.10275},
        pages = {arXiv:2001.10275},
archivePrefix = {arXiv},
       eprint = {2001.10275},
 primaryClass = {astro-ph.HE},
       adsurl = {https://ui.adsabs.harvard.edu/abs/2020arXiv200110275T},
      adsnote = {Provided by the SAO/NASA Astrophysics Data System}
}



@ARTICLE{caleb-2019,
       author = {{Caleb}, M. and {Stappers}, B.~W. and {Rajwade}, K. and {Flynn}, C.},
        title = "{Are all fast radio bursts repeating sources?}",
      journal = {\mnras},
     keywords = {methods: data analysis, surveys, radio continuum: general, radio continuum: transients, Astrophysics - High Energy Astrophysical Phenomena},
         year = 2019,
        month = apr,
       volume = {484},
       number = {4},
        pages = {5500-5508},
          doi = {10.1093/mnras/stz386},
archivePrefix = {arXiv},
       eprint = {1902.00272},
 primaryClass = {astro-ph.HE},
       adsurl = {https://ui.adsabs.harvard.edu/abs/2019MNRAS.484.5500C},
      adsnote = {Provided by the SAO/NASA Astrophysics Data System}
}



@ARTICLE{berger-2014,
       author = {{Berger}, Edo},
        title = "{Short-Duration Gamma-Ray Bursts}",
      journal = {\araa},
     keywords = {Astrophysics - High Energy Astrophysical Phenomena},
         year = 2014,
        month = aug,
       volume = {52},
        pages = {43-105},
          doi = {10.1146/annurev-astro-081913-035926},
archivePrefix = {arXiv},
       eprint = {1311.2603},
 primaryClass = {astro-ph.HE},
       adsurl = {https://ui.adsabs.harvard.edu/abs/2014ARA&A..52...43B},
      adsnote = {Provided by the SAO/NASA Astrophysics Data System}
}



@ARTICLE{oppermann2012,
       author = {{Oppermann}, N. and {Junklewitz}, H. and {Robbers}, G. and
         {Bell}, M.~R. and {En{\ss}lin}, T.~A. and {Bonafede}, A. and
         {Braun}, R. and {Brown}, J.~C. and {Clarke}, T.~E. and {Feain}, I.~J. and
         {Gaensler}, B.~M. and {Hammond}, A. and {Harvey-Smith}, L. and
         {Heald}, G. and {Johnston-Hollitt}, M. and {Klein}, U. and
         {Kronberg}, P.~P. and {Mao}, S.~A. and {McClure-Griffiths}, N.~M. and
         {O'Sullivan}, S.~P. and {Pratley}, L. and {Robishaw}, T. and {Roy}, S. and
         {Schnitzeler}, D.~H.~F.~M. and {Sotomayor-Beltran}, C. and
         {Stevens}, J. and {Stil}, J.~M. and {Sunstrum}, C. and {Tanna}, A. and
         {Taylor}, A.~R. and {Van Eck}, C.~L.},
        title = "{An improved map of the Galactic Faraday sky}",
      journal = {\aap},
     keywords = {galaxies: magnetic fields, Galaxy: structure, ISM: magnetic fields, radio continuum: ISM, methods: data analysis, techniques: polarimetric, Astrophysics - Galaxy Astrophysics},
         year = "2012",
        month = "Jun",
       volume = {542},
          eid = {A93},
        pages = {A93},
          doi = {10.1051/0004-6361/201118526},
archivePrefix = {arXiv},
       eprint = {1111.6186},
 primaryClass = {astro-ph.GA},
       adsurl = {https://ui.adsabs.harvard.edu/abs/2012A&A...542A..93O},
      adsnote = {Provided by the SAO/NASA Astrophysics Data System}
}



@ARTICLE{eatough2013,
       author = {{Eatough}, R.~P. and {Falcke}, H. and {Karuppusamy}, R. and
         {Lee}, K.~J. and {Champion}, D.~J. and {Keane}, E.~F. and
         {Desvignes}, G. and {Schnitzeler}, D.~H.~F.~M. and {Spitler}, L.~G. and
         {Kramer}, M. and {Klein}, B. and {Bassa}, C. and {Bower}, G.~C. and
         {Brunthaler}, A. and {Cognard}, I. and {Deller}, A.~T. and
         {Demorest}, P.~B. and {Freire}, P.~C.~C. and {Kraus}, A. and
         {Lyne}, A.~G. and {Noutsos}, A. and {Stappers}, B. and {Wex}, N.},
        title = "{A strong magnetic field around the supermassive black hole at the centre of the Galaxy}",
      journal = {\nat},
     keywords = {Astrophysics - Galaxy Astrophysics, Astrophysics - High Energy Astrophysical Phenomena},
         year = "2013",
        month = "Sep",
       volume = {501},
       number = {7467},
        pages = {391-394},
          doi = {10.1038/nature12499},
archivePrefix = {arXiv},
       eprint = {1308.3147},
 primaryClass = {astro-ph.GA},
       adsurl = {https://ui.adsabs.harvard.edu/abs/2013Natur.501..391E},
      adsnote = {Provided by the SAO/NASA Astrophysics Data System}
}

@ARTICLE{desvignes2018,
       author = {{Desvignes}, G. and {Eatough}, R.~P. and {Pen}, U.~L. and {Lee}, K.~J. and
         {Mao}, S.~A. and {Karuppusamy}, R. and {Schnitzeler}, D.~H.~F.~M. and
         {Falcke}, H. and {Kramer}, M. and {Wucknitz}, O. and {Spitler}, L.~G. and
         {Torne}, P. and {Liu}, K. and {Bower}, G.~C. and {Cognard}, I. and
         {Lyne}, A.~G. and {Stappers}, B.~W.},
        title = "{Large Magneto-ionic Variations toward the Galactic Center Magnetar, PSR J1745-2900}",
      journal = {\apjl},
     keywords = {Galaxy: center, magnetic fields, pulsars: individual: J1745-2900, Astrophysics - High Energy Astrophysical Phenomena},
         year = "2018",
        month = "Jan",
       volume = {852},
       number = {1},
          eid = {L12},
        pages = {L12},
          doi = {10.3847/2041-8213/aaa2f8},
archivePrefix = {arXiv},
       eprint = {1711.10323},
 primaryClass = {astro-ph.HE},
       adsurl = {https://ui.adsabs.harvard.edu/abs/2018ApJ...852L..12D},
      adsnote = {Provided by the SAO/NASA Astrophysics Data System}
}




@ARTICLE{caleb2018b,
       author = {{Caleb}, M. and {Keane}, E.~F. and {van Straten}, W. and {Kramer}, M. and
         {Macquart}, J.~P. and {Bailes}, M. and {Barr}, E.~D. and
         {Bhat}, N.~D.~R. and {Bhandari}, S. and {Burgay}, M. and {Farah}, W. and
         {Jameson}, A. and {Jankowski}, F. and {Johnston}, S. and {Petroff}, E. and
         {Possenti}, A. and {Stappers}, B.~W. and {Tiburzi}, C. and
         {Venkatraman Krishnan}, V.},
        title = "{The SUrvey for Pulsars and Extragalactic Radio Bursts - III. Polarization properties of FRBs 160102 and 151230}",
      journal = {\mnras},
     keywords = {magnetic fields, polarization, methods: data analysis, surveys, intergalactic medium, Astrophysics - High Energy Astrophysical Phenomena},
         year = "2018",
        month = "Aug",
       volume = {478},
       number = {2},
        pages = {2046-2055},
          doi = {10.1093/mnras/sty1137},
archivePrefix = {arXiv},
       eprint = {1804.09178},
 primaryClass = {astro-ph.HE},
       adsurl = {https://ui.adsabs.harvard.edu/abs/2018MNRAS.478.2046C},
      adsnote = {Provided by the SAO/NASA Astrophysics Data System}
}

@ARTICLE{prochaska-2019a,
       author = {{Prochaska}, J. Xavier and {Zheng}, Yong},
        title = "{Probing Galactic haloes with fast radio bursts}",
      journal = {\mnras},
     keywords = {galaxies: haloes, large-scale structure of Universe, Astrophysics - Astrophysics of Galaxies},
         year = "2019",
        month = "May",
       volume = {485},
       number = {1},
        pages = {648-665},
          doi = {10.1093/mnras/stz261},
archivePrefix = {arXiv},
       eprint = {1901.11051},
 primaryClass = {astro-ph.GA},
       adsurl = {https://ui.adsabs.harvard.edu/abs/2019MNRAS.485..648P},
      adsnote = {Provided by the SAO/NASA Astrophysics Data System}
}

@ARTICLE{ravi-2019-DSA,
       author = {{Ravi}, V. and {Catha}, M. and {D'Addario}, L. and {Djorgovski}, S.~G. and
         {Hallinan}, G. and {Hobbs}, R. and {Kocz}, J. and {Kulkarni}, S.~R. and
         {Shi}, J. and {Vedantham}, H.~K. and {Weinreb}, S. and {Woody}, D.~P.},
        title = "{A fast radio burst localized to a massive galaxy}",
      journal = {\nat},
         year = "2019",
        month = "Aug",
       volume = {572},
       number = {7769},
        pages = {352-354},
          doi = {10.1038/s41586-019-1389-7},
       adsurl = {https://ui.adsabs.harvard.edu/abs/2019Natur.572..352R},
      adsnote = {Provided by the SAO/NASA Astrophysics Data System}
}

@ARTICLE{bannister19,
       author = {{Bannister}, K.~W. and {Deller}, A.~T. and {Phillips}, C. and
         {Macquart}, J. -P. and {Prochaska}, J.~X. and {Tejos}, N. and
         {Ryder}, S.~D. and {Sadler}, E.~M. and {Shannon}, R.~M. and
         {Simha}, S. and {Day}, C.~K. and {McQuinn}, M. and
         {North-Hickey}, F.~O. and {Bhandari}, S. and {Arcus}, W.~R. and
         {Bennert}, V.~N. and {Burchett}, J. and {Bouwhuis}, M. and
         {Dodson}, R. and {Ekers}, R.~D. and {Farah}, W. and {Flynn}, C. and
         {James}, C.~W. and {Kerr}, M. and {Lenc}, E. and {Mahony}, E.~K. and
         {O'Meara}, J. and {Os{\l}owski}, S. and {Qiu}, H. and {Treu}, T. and
         {U}, V. and {Bateman}, T.~J. and {Bock}, D.~C. -J. and {Bolton}, R.~J. and
         {Brown}, A. and {Bunton}, J.~D. and {Chippendale}, A.~P. and
         {Cooray}, F.~R. and {Cornwell}, T. and {Gupta}, N. and {Hayman}, D.~B. and
         {Kesteven}, M. and {Koribalski}, B.~S. and {MacLeod}, A. and
         {McClure-Griffiths}, N.~M. and {Neuhold}, S. and {Norris}, R.~P. and
         {Pilawa}, M.~A. and {Qiao}, R. -Y. and {Reynolds}, J. and
         {Roxby}, D.~N. and {Shimwell}, T.~W. and {Voronkov}, M.~A. and
         {Wilson}, C.~D.},
        title = "{A single fast radio burst localized to a massive galaxy at cosmological distance}",
      journal = {Science},
     keywords = {ASTRONOMY, Astrophysics - High Energy Astrophysical Phenomena, Astrophysics - Cosmology and Nongalactic Astrophysics},
         year = "2019",
        month = "Aug",
       volume = {365},
       number = {6453},
        pages = {565-570},
          doi = {10.1126/science.aaw5903},
archivePrefix = {arXiv},
       eprint = {1906.11476},
 primaryClass = {astro-ph.HE},
       adsurl = {https://ui.adsabs.harvard.edu/abs/2019Sci...365..565B},
      adsnote = {Provided by the SAO/NASA Astrophysics Data System}
}

@ARTICLE{cordes2019,
       author = {{Cordes}, James M. and {Chatterjee}, Shami},
        title = "{Fast Radio Bursts: An Extragalactic Enigma}",
      journal = {\araa},
     keywords = {Astrophysics - High Energy Astrophysical Phenomena, Astrophysics - Cosmology and Nongalactic Astrophysics},
         year = "2019",
        month = "Aug",
       volume = {57},
        pages = {417-465},
          doi = {10.1146/annurev-astro-091918-104501},
archivePrefix = {arXiv},
       eprint = {1906.05878},
 primaryClass = {astro-ph.HE},
       adsurl = {https://ui.adsabs.harvard.edu/abs/2019ARA&A..57..417C},
      adsnote = {Provided by the SAO/NASA Astrophysics Data System}
}

@ARTICLE{connor-2016b,
       author = {{Connor}, Liam and {Pen}, Ue-Li and {Oppermann}, Niels},
        title = "{FRB repetition and non-Poissonian statistics}",
      journal = {\mnras},
     keywords = {methods: statistical, pulsars: general, Astrophysics - High Energy Astrophysical Phenomena},
         year = "2016",
        month = "May",
       volume = {458},
       number = {1},
        pages = {L89-L93},
          doi = {10.1093/mnrasl/slw026},
archivePrefix = {arXiv},
       eprint = {1601.04051},
 primaryClass = {astro-ph.HE},
       adsurl = {https://ui.adsabs.harvard.edu/abs/2016MNRAS.458L..89C},
      adsnote = {Provided by the SAO/NASA Astrophysics Data System}
}



@ARTICLE{yamasaki-2019-halodm,
       author = {{Yamasaki}, Shotaro and {Totani}, Tomonori},
        title = "{The Galactic Halo Contribution to the Dispersion Measure of Extragalactic Fast Radio Bursts}",
      journal = {arXiv e-prints},
     keywords = {Astrophysics - High Energy Astrophysical Phenomena, Astrophysics - Cosmology and Nongalactic Astrophysics, Astrophysics - Astrophysics of Galaxies},
         year = "2019",
        month = "Sep",
          eid = {arXiv:1909.00849},
        pages = {arXiv:1909.00849},
archivePrefix = {arXiv},
       eprint = {1909.00849},
 primaryClass = {astro-ph.HE},
       adsurl = {https://ui.adsabs.harvard.edu/abs/2019arXiv190900849Y},
      adsnote = {Provided by the SAO/NASA Astrophysics Data System}
}

@ARTICLE{gourdji2019,
       author = {{Gourdji}, K. and {Michilli}, D. and {Spitler}, L.~G. and
         {Hessels}, J.~W.~T. and {Seymour}, A. and {Cordes}, J.~M. and
         {Chatterjee}, S.},
        title = "{A Sample of Low-energy Bursts from FRB 121102}",
      journal = {\apjl},
     keywords = {galaxies: dwarf, methods: observational, radiation mechanisms: non-thermal, radio continuum: general, Astrophysics - High Energy Astrophysical Phenomena},
         year = "2019",
        month = "Jun",
       volume = {877},
       number = {2},
          eid = {L19},
        pages = {L19},
          doi = {10.3847/2041-8213/ab1f8a},
archivePrefix = {arXiv},
       eprint = {1903.02249},
 primaryClass = {astro-ph.HE},
       adsurl = {https://ui.adsabs.harvard.edu/abs/2019ApJ...877L..19G},
      adsnote = {Provided by the SAO/NASA Astrophysics Data System}
}





@ARTICLE{mccourt17,
       author = {{McCourt}, Michael and {Oh}, S. Peng and {O'Leary}, Ryan and
         {Madigan}, Ann-Marie},
        title = "{A characteristic scale for cold gas}",
      journal = {\mnras},
     keywords = {MHD, plasmas, ISM: clouds, Galaxy: centre, Galaxy: halo, Astrophysics - Astrophysics of Galaxies},
         year = "2018",
        month = "Feb",
       volume = {473},
       number = {4},
        pages = {5407-5431},
          doi = {10.1093/mnras/stx2687},
archivePrefix = {arXiv},
       eprint = {1610.01164},
 primaryClass = {astro-ph.GA},
       adsurl = {https://ui.adsabs.harvard.edu/abs/2018MNRAS.473.5407M},
      adsnote = {Provided by the SAO/NASA Astrophysics Data System}
}


@ARTICLE{prochaska14,
       author = {{Prochaska}, J. Xavier and {Lau}, Marie Wingyee and {Hennawi}, Joseph F.},
        title = "{Quasars Probing Quasars. VII. The Pinnacle of the Cool Circumgalactic Medium Surrounds Massive z \raisebox{-0.5ex}\textasciitilde 2 Galaxies}",
      journal = {\apj},
     keywords = {galaxies: clusters: intracluster medium, intergalactic medium, quasars: absorption lines, Astrophysics - Astrophysics of Galaxies},
         year = "2014",
        month = "Dec",
       volume = {796},
       number = {2},
          eid = {140},
        pages = {140},
          doi = {10.1088/0004-637X/796/2/140},
archivePrefix = {arXiv},
       eprint = {1409.6344},
 primaryClass = {astro-ph.GA},
       adsurl = {https://ui.adsabs.harvard.edu/abs/2014ApJ...796..140P},
      adsnote = {Provided by the SAO/NASA Astrophysics Data System}
}



@ARTICLE{pen15,
       author = {{Pen}, Ue-Li and {Connor}, Liam},
        title = "{Local Circumnuclear Magnetar Solution to Extragalactic Fast Radio Bursts}",
      journal = {\apj},
     keywords = {Galaxy: center, pulsars: general, stars: magnetars, Astrophysics - High Energy Astrophysical Phenomena},
         year = "2015",
        month = "Jul",
       volume = {807},
       number = {2},
          eid = {179},
        pages = {179},
          doi = {10.1088/0004-637X/807/2/179},
archivePrefix = {arXiv},
       eprint = {1501.01341},
 primaryClass = {astro-ph.HE},
       adsurl = {https://ui.adsabs.harvard.edu/abs/2015ApJ...807..179P},
      adsnote = {Provided by the SAO/NASA Astrophysics Data System}
}

@ARTICLE{tendulkar17,
       author = {{Tendulkar}, S.~P. and {Bassa}, C.~G. and {Cordes}, J.~M. and
         {Bower}, G.~C. and {Law}, C.~J. and {Chatterjee}, S. and
         {Adams}, E.~A.~K. and {Bogdanov}, S. and {Burke-Spolaor}, S. and
         {Butler}, B.~J. and {Demorest}, P. and {Hessels}, J.~W.~T. and
         {Kaspi}, V.~M. and {Lazio}, T.~J.~W. and {Maddox}, N. and
         {Marcote}, B. and {McLaughlin}, M.~A. and {Paragi}, Z. and
         {Ransom}, S.~M. and {Scholz}, P. and {Seymour}, A. and
         {Spitler}, L.~G. and {van Langevelde}, H.~J. and {Wharton}, R.~S.},
        title = "{The Host Galaxy and Redshift of the Repeating Fast Radio Burst FRB 121102}",
      journal = {\apjl},
     keywords = {galaxies: distances and redshifts, galaxies: dwarf, galaxies: ISM, stars: magnetars, stars: neutron, Astrophysics - High Energy Astrophysical Phenomena, Astrophysics - Cosmology and Nongalactic Astrophysics, Astrophysics - Astrophysics of Galaxies},
         year = "2017",
        month = "Jan",
       volume = {834},
       number = {2},
          eid = {L7},
        pages = {L7},
          doi = {10.3847/2041-8213/834/2/L7},
archivePrefix = {arXiv},
       eprint = {1701.01100},
 primaryClass = {astro-ph.HE},
       adsurl = {https://ui.adsabs.harvard.edu/abs/2017ApJ...834L...7T},
      adsnote = {Provided by the SAO/NASA Astrophysics Data System}
}



@ARTICLE{bassa17,
       author = {{Bassa}, C.~G. and {Tendulkar}, S.~P. and {Adams}, E.~A.~K. and
         {Maddox}, N. and {Bogdanov}, S. and {Bower}, G.~C. and
         {Burke-Spolaor}, S. and {Butler}, B.~J. and {Chatterjee}, S. and
         {Cordes}, J.~M. and {Hessels}, J.~W.~T. and {Kaspi}, V.~M. and
         {Law}, C.~J. and {Marcote}, B. and {Paragi}, Z. and {Ransom}, S.~M. and
         {Scholz}, P. and {Spitler}, L.~G. and {van Langevelde}, H.~J.},
        title = "{FRB 121102 Is Coincident with a Star-forming Region in Its Host Galaxy}",
      journal = {\apjl},
     keywords = {galaxies: dwarf, galaxies: star formation, gamma-ray burst: general, supernovae: general, Astrophysics - High Energy Astrophysical Phenomena},
         year = "2017",
        month = "Jul",
       volume = {843},
       number = {1},
          eid = {L8},
        pages = {L8},
          doi = {10.3847/2041-8213/aa7a0c},
archivePrefix = {arXiv},
       eprint = {1705.07698},
 primaryClass = {astro-ph.HE},
       adsurl = {https://ui.adsabs.harvard.edu/abs/2017ApJ...843L...8B},
      adsnote = {Provided by the SAO/NASA Astrophysics Data System}
}



@ARTICLE{chatterjee17,
       author = {{Chatterjee}, S. and {Law}, C.~J. and {Wharton}, R.~S. and
         {Burke-Spolaor}, S. and {Hessels}, J.~W.~T. and {Bower}, G.~C. and
         {Cordes}, J.~M. and {Tendulkar}, S.~P. and {Bassa}, C.~G. and
         {Demorest}, P. and {Butler}, B.~J. and {Seymour}, A. and {Scholz}, P. and
         {Abruzzo}, M.~W. and {Bogdanov}, S. and {Kaspi}, V.~M. and
         {Keimpema}, A. and {Lazio}, T.~J.~W. and {Marcote}, B. and
         {McLaughlin}, M.~A. and {Paragi}, Z. and {Ransom}, S.~M. and
         {Rupen}, M. and {Spitler}, L.~G. and {van Langevelde}, H.~J.},
        title = "{A direct localization of a fast radio burst and its host}",
      journal = {\nat},
     keywords = {Astrophysics - High Energy Astrophysical Phenomena, Astrophysics - Cosmology and Nongalactic Astrophysics, Astrophysics - Instrumentation and Methods for Astrophysics},
         year = "2017",
        month = "Jan",
       volume = {541},
       number = {7635},
        pages = {58-61},
          doi = {10.1038/nature20797},
archivePrefix = {arXiv},
       eprint = {1701.01098},
 primaryClass = {astro-ph.HE},
       adsurl = {https://ui.adsabs.harvard.edu/abs/2017Natur.541...58C},
      adsnote = {Provided by the SAO/NASA Astrophysics Data System}
}

@ARTICLE{marcote17,
       author = {{Marcote}, B. and {Paragi}, Z. and {Hessels}, J.~W.~T. and
         {Keimpema}, A. and {van Langevelde}, H.~J. and {Huang}, Y. and
         {Bassa}, C.~G. and {Bogdanov}, S. and {Bower}, G.~C. and
         {Burke-Spolaor}, S. and {Butler}, B.~J. and {Campbell}, R.~M. and
         {Chatterjee}, S. and {Cordes}, J.~M. and {Demorest}, P. and
         {Garrett}, M.~A. and {Ghosh}, T. and {Kaspi}, V.~M. and {Law}, C.~J. and
         {Lazio}, T.~J.~W. and {McLaughlin}, M.~A. and {Ransom}, S.~M. and
         {Salter}, C.~J. and {Scholz}, P. and {Seymour}, A. and {Siemion}, A. and
         {Spitler}, L.~G. and {Tendulkar}, S.~P. and {Wharton}, R.~S.},
        title = "{The Repeating Fast Radio Burst FRB 121102 as Seen on Milliarcsecond Angular Scales}",
      journal = {\apjl},
     keywords = {radiation mechanisms: non-thermal, radio continuum: galaxies, techniques: high angular resolution, Astrophysics - High Energy Astrophysical Phenomena, Astrophysics - Cosmology and Nongalactic Astrophysics, Astrophysics - Instrumentation and Methods for Astrophysics},
         year = "2017",
        month = "Jan",
       volume = {834},
       number = {2},
          eid = {L8},
        pages = {L8},
          doi = {10.3847/2041-8213/834/2/L8},
archivePrefix = {arXiv},
       eprint = {1701.01099},
 primaryClass = {astro-ph.HE},
       adsurl = {https://ui.adsabs.harvard.edu/abs/2017ApJ...834L...8M},
      adsnote = {Provided by the SAO/NASA Astrophysics Data System}
}

@ARTICLE{ravi-2016-scintillation,
       author = {{Ravi}, V. and {Shannon}, R.~M. and {Bailes}, M. and {Bannister}, K. and
         {Bhandari}, S. and {Bhat}, N.~D.~R. and {Burke-Spolaor}, S. and
         {Caleb}, M. and {Flynn}, C. and {Jameson}, A. and {Johnston}, S. and
         {Keane}, E.~F. and {Kerr}, M. and {Tiburzi}, C. and {Tuntsov}, A.~V. and
         {Vedantham}, H.~K.},
        title = "{The magnetic field and turbulence of the cosmic web measured using a brilliant fast radio burst}",
      journal = {Science},
     keywords = {ASTRONOMY, Astrophysics - High Energy Astrophysical Phenomena, Astrophysics - Cosmology and Nongalactic Astrophysics},
         year = "2016",
        month = "Dec",
       volume = {354},
       number = {6317},
        pages = {1249-1252},
          doi = {10.1126/science.aaf6807},
archivePrefix = {arXiv},
       eprint = {1611.05758},
 primaryClass = {astro-ph.HE},
       adsurl = {https://ui.adsabs.harvard.edu/abs/2016Sci...354.1249R},
      adsnote = {Provided by the SAO/NASA Astrophysics Data System}
}



@ARTICLE{chime19-8repeaters,
       author = {{CHIME/FRB Collaboration} and {Andersen}, B.~C. and {Bandura}, K. and
         {Bhardwaj}, M. and {Boubel}, P. and {Boyce}, M.~M. and {Boyle}, P.~J. and
         {Brar}, C. and {Cassanelli}, T. and {Chawla}, P. and {Cubranic}, D. and
         {Deng}, M. and {Dobbs}, M. and {Fandino}, M. and {Fonseca}, E. and
         {Gaensler}, B.~M. and {Gilbert}, A.~J. and {Giri}, U. and
         {Good}, D.~C. and {Halpern}, M. and {Hill}, A.~S. and {Hinshaw}, G. and
         {H{\"o}fer}, C. and {Josephy}, A. and {Kaspi}, V.~M. and {Kothes}, R. and
         {Landecker}, T.~L. and {Lang}, D.~A. and {Li}, D.~Z. and {Lin}, H. -H. and
         {Masui}, K.~W. and {Mena-Parra}, J. and {Merryfield}, M. and
         {Mckinven}, R. and {Michilli}, D. and {Milutinovic}, N. and
         {Naidu}, A. and {Newburgh}, L.~B. and {Ng}, C. and {Patel}, C. and
         {Pen}, U. and {Pinsonneault-Marotte}, T. and {Pleunis}, Z. and
         {Rafiei-Ravandi}, M. and {Rahman}, M. and {Ransom}, S.~M. and
         {Renard}, A. and {Scholz}, P. and {Siegel}, S.~R. and {Singh}, S. and
         {Smith}, K.~M. and {Stairs}, I.~H. and {Tendulkar}, S.~P. and
         {Tretyakov}, I. and {Vanderlinde}, K. and {Yadav}, P. and
         {Zwaniga}, A.~V.},
        title = "{CHIME/FRB Discovery of Eight New Repeating Fast Radio Burst Sources}",
      journal = {\apjl},
     keywords = {Radio transient sources, Radio bursts, Radio astronomy, Polarimetry, High time resolution astrophysics, Astrophysics - High Energy Astrophysical Phenomena},
         year = "2019",
        month = "Nov",
       volume = {885},
       number = {1},
          eid = {L24},
        pages = {L24},
          doi = {10.3847/2041-8213/ab4a80},
archivePrefix = {arXiv},
       eprint = {1908.03507},
 primaryClass = {astro-ph.HE},
       adsurl = {https://ui.adsabs.harvard.edu/abs/2019ApJ...885L..24C},
      adsnote = {Provided by the SAO/NASA Astrophysics Data System}
}




@ARTICLE{prochaska-2019b,
       author = {{Prochaska}, J. Xavier and {Macquart}, Jean-Pierre and
         {McQuinn}, Matthew and {Simha}, Sunil and {Shannon}, Ryan M. and
         {Day}, Cherie K. and {Marnoch}, Lachlan and {Ryder}, Stuart and
         {Deller}, Adam and {Bannister}, Keith W. and {Bhandari}, Shivani and
         {Bordoloi}, Rongmon and {Bunton}, John and {Cho}, Hyerin and
         {Flynn}, Chris and {Mahony}, Elizabeth K. and {Phillips}, Chris and
         {Qiu}, Hao and {Tejos}, Nicolas},
        title = "{The low density and magnetization of a massive galaxy halo exposed by a fast radio burst}",
      journal = {Science},
     keywords = {ASTRONOMY, Astrophysics - Astrophysics of Galaxies},
         year = "2019",
        month = "Sep",
       volume = {365},
          eid = {aay0073},
        pages = {aay0073},
          doi = {10.1126/science.aay0073},
archivePrefix = {arXiv},
       eprint = {1909.11681},
 primaryClass = {astro-ph.GA},
       adsurl = {https://ui.adsabs.harvard.edu/abs/2019Sci...365.0073P},
      adsnote = {Provided by the SAO/NASA Astrophysics Data System}
}

@ARTICLE{cordes2003,
   author = {{Cordes}, J.~M. and {McLaughlin}, M.~A.},
    title = "{Searches for Fast Radio Transients}",
  journal = {\apj},
   eprint = {astro-ph/0304364},
 keywords = {Extraterrestrial Intelligence, Gamma Rays: Bursts, Stars: Pulsars: General, Radio Continuum: General},
     year = 2003,
    month = oct,
   volume = 596,
    pages = {1142-1154},
      doi = {10.1086/378231},
   adsurl = {http://adsabs.harvard.edu/abs/2003ApJ...596.1142C},
  adsnote = {Provided by the SAO/NASA Astrophysics Data System}
}


@article{sanidas2018,
    title={MeerTRAP: A pulsar and fast transients survey with MeerKAT}, 
    volume={13}, 
    DOI={10.1017/S1743921317009310}, 
    number={S337}, 
    journal={Proceedings of the International Astronomical Union}, 
    publisher={Cambridge University Press}, 
    author={Sanidas, S. and Caleb, M. and Driessen, L. and Morello, V. and Rajwade, K. and Stappers, B. W.}, year={2017}, 
    pages={406–407}}


@article{spml, 
title={liamconnor/single_pulse_ml: First release of single pulse machine learning code}, 
DOI={10.5281/zenodo.1442657}, 
abstractNote={<p>First release</p>}, 
publisher={Zenodo}, 
author={liamconnor}, 
year={2018}, 
month={Oct}}

@ARTICLE{petroff2015pery,
   author = {{Petroff}, E. and {Keane}, E.~F. and {Barr}, E.~D. and {Reynolds}, J.~E. and 
	{Sarkissian}, J. and {Edwards}, P.~G. and {Stevens}, J. and 
	{Brem}, C. and {Jameson}, A. and {Burke-Spolaor}, S. and {Johnston}, S. and 
	{Bhat}, N.~D.~R. and {Kudale}, P.~C.~S. and {Bhandari}, S.},
    title = "{Identifying the source of perytons at the Parkes radio telescope}",
  journal = {\mnras},
archivePrefix = "arXiv",
   eprint = {1504.02165},
 primaryClass = "astro-ph.IM",
 keywords = {methods: data analysis, site testing, surveys},
     year = 2015,
    month = aug,
   volume = 451,
    pages = {3933-3940},
      doi = {10.1093/mnras/stv1242},
   adsurl = {http://adsabs.harvard.edu/abs/2015MNRAS.451.3933P},
  adsnote = {Provided by the SAO/NASA Astrophysics Data System}
}

@article{zintgraf2017,
  title={Visualizing deep neural network decisions: Prediction difference analysis},
  author={Zintgraf, Luisa M and Cohen, Taco S and Adel, Tameem and Welling, Max},
  journal={arXiv preprint arXiv:1702.04595},
  year={2017}
}

@article{robnik2008,
  title={Explaining classifications for individual instances},
  author={Robnik-{\v{S}}ikonja, Marko and Kononenko, Igor},
  journal={IEEE Transactions on Knowledge and Data Engineering},
  volume={20},
  number={5},
  pages={589--600},
  year={2008},
  publisher={IEEE}
}

@ARTICLE{simonyan13,
   author = {{Simonyan}, K. and {Vedaldi}, A. and {Zisserman}, A.},
    title = "{Deep Inside Convolutional Networks: Visualising Image Classification Models and Saliency Maps}",
  journal = {ArXiv e-prints},
archivePrefix = "arXiv",
   eprint = {1312.6034},
 primaryClass = "cs.CV",
 keywords = {Computer Science - Computer Vision and Pattern Recognition},
     year = 2013,
    month = dec,
   adsurl = {http://adsabs.harvard.edu/abs/2013arXiv1312.6034S},
  adsnote = {Provided by the SAO/NASA Astrophysics Data System}
}


@article{cybenko1989,
  title={Approximation by superpositions of a sigmoidal function},
  author={Cybenko, George},
  journal={Mathematics of control, signals and systems},
  volume={2},
  number={4},
  pages={303--314},
  year={1989},
  publisher={Springer}
}

@article{bannister2018,
   author  = "{Bannister}",
   year    = "2018, in prep",
   journal = "in prep"}

@INPROCEEDINGS{chimbo,
   author = {{Kaspi}, V.~M. and {CHIME/FRB Collaboration}},
    title = "{The CHIME Fast Radio Burst Project}",
booktitle = {American Astronomical Society Meeting Abstracts \#229},
     year = 2017,
   series = {American Astronomical Society Meeting Abstracts},
   volume = 229,
    month = jan,
      eid = {242.19},
    pages = {242.19},
   adsurl = {http://adsabs.harvard.edu/abs/2017AAS...22924219K},
  adsnote = {Provided by the SAO/NASA Astrophysics Data System}
}


@INPROCEEDINGS{sclocco2014,
   author = {{Sclocco}, A. and {Van Nieuwpoort}, R. and {Bal}, H.~E.},
    title = "{Real-Time Pulsars Pipeline Using Many-Cores}",
booktitle = {Exascale Radio Astronomy},
     year = 2014,
   volume = 2,
    month = apr,
   adsurl = {http://adsabs.harvard.edu/abs/2014era..conf20301S},
  adsnote = {Provided by the SAO/NASA Astrophysics Data System}
}

@ARTICLE{kennett1998,
   author = {{Kennett}, M. and {Melrose}, D.},
    title = "{Propagation-induced Circular Polarisation in Synchrotron Sources}",
  journal = {\pasa},
 keywords = {POLARISATION, RADIATIVE TRANSFER, RADIO CONTINUUM, polarisation, radiative transfer, radio continuum: general.},
     year = 1998,
    month = jul,
   volume = 15,
    pages = {211-216},
      doi = {10.1071/AS98211},
   adsurl = {http://adsabs.harvard.edu/abs/1998PASA...15..211K},
  adsnote = {Provided by the SAO/NASA Astrophysics Data System}
}

@ARTICLE{thornton-2013,
   author = {{Thornton}, D. and {Stappers}, B. and {Bailes}, M. and {Barsdell}, B. and 
  {Bates}, S. and {Bhat}, N.~D.~R. and {Burgay}, M. and {Burke-Spolaor}, S. and 
  {Champion}, D.~J. and {Coster}, P. and {D'Amico}, N. and {Jameson}, A. and 
  {Johnston}, S. and {Keith}, M. and {Kramer}, M. and {Levin}, L. and 
  {Milia}, S. and {Ng}, C. and {Possenti}, A. and {van Straten}, W.
  },
    title = "{A Population of Fast Radio Bursts at Cosmological Distances}",
  journal = {Science},
archivePrefix = "arXiv",
   eprint = {1307.1628},
 primaryClass = "astro-ph.HE",
     year = 2013,
    month = jul,
   volume = 341,
    pages = {53-56},
      doi = {10.1126/science.1236789},
   adsurl = {http://adsabs.harvard.edu/abs/2013Sci...341...53T},
  adsnote = {Provided by the SAO/NASA Astrophysics Data System}
}

@ARTICLE{petroff2015,
   author = {{Petroff}, E. and {Bailes}, M. and {Barr}, E.~D. and {Barsdell}, B.~R. and 
  {Bhat}, N.~D.~R. and {Bian}, F. and {Burke-Spolaor}, S. and 
  {Caleb}, M. and {Champion}, D. and {Chandra}, P. and {Da Costa}},
    title = "{A real-time fast radio burst: polarization detection and multiwavelength follow-up}",
  journal = {\mnras},
 keywords = {polarization, radiation mechanisms: general, intergalactic medium, radio continuum: general},
     year = 2015,
    month = feb,
   volume = 447,
    pages = {246-255},
      doi = {10.1093/mnras/stu2419},
}

@ARTICLE{connor2017,
   author = {{Amiri}, M. and {Bandura}, K. and {Berger}, P. and {Bond}, J.~R. and 
  {Cliche}, J.~F. and {Connor}, L. and {Deng}, M. and {Denman}, N. and 
  {Dobbs}, M. and {Domagalski}, R.~S. and {Fandino}, M. and {Gilbert}, A.~J. and 
  {Good}, D.~C. and {Halpern}, M. and {Hanna}, D. and {Hincks}, A.~D. and 
  {Hinshaw}, G. and {H{\"o}fer}, C. and {Hsyu}, G. and {Klages}, P. and 
  {Landecker}, T.~L. and {Masui}, K. and {Mena-Parra}, J. and 
  {Newburgh}, L.~B. and {Oppermann}, N. and {Pen}, U.~L. and {Peterson}, J.~B. and 
  {Pinsonneault-Marotte}, T. and {Renard}, A. and {Shaw}, J.~R. and 
  {Siegel}, S.~R. and {Sigurdson}, K. and {Smith}, K. and {Storer}, E. and 
  {Tretyakov}, I. and {Vanderlinde}, K. and {Wiebe}, D.~V. and 
  {Scientific Collaboration20}, C.},
    title = "{Limits on the Ultra-bright Fast Radio Burst Population from the CHIME Pathfinder}",
  journal = {\apj},
 keywords = {instrumentation: interferometers, pulsars: general},
     year = 2017,
    month = aug,
   volume = 844,
      eid = {161},
    pages = {161},
      doi = {10.3847/1538-4357/aa713f},
   adsurl = {http://adsabs.harvard.edu/abs/2017ApJ...844..161A},
  adsnote = {Provided by the SAO/NASA Astrophysics Data System}
}

@ARTICLE{taylor74,
   author = {{Taylor}, J.~H.},
    title = "{A Sensitive Method for Detecting Dispersed Radio Emission}",
  journal = {\aaps},
     year = 1974,
    month = jun,
   volume = 15,
    pages = {367},
   adsurl = {http://adsabs.harvard.edu/abs/1974A%26AS...15..367T},
  adsnote = {Provided by the SAO/NASA Astrophysics Data System}
}

@ARTICLE{goodfellow2014,
   author = {{Goodfellow}, I.~J. and {Pouget-Abadie}, J. and {Mirza}, M. and 
  {Xu}, B. and {Warde-Farley}, D. and {Ozair}, S. and {Courville}, A. and 
  {Bengio}, Y.},
    title = "{Generative Adversarial Networks}",
  journal = {ArXiv e-prints},
archivePrefix = "arXiv",
   eprint = {1406.2661},
 primaryClass = "stat.ML",
 keywords = {Statistics - Machine Learning, Computer Science - Learning},
     year = 2014,
    month = jun,
   adsurl = {http://adsabs.harvard.edu/abs/2014arXiv1406.2661G},
  adsnote = {Provided by the SAO/NASA Astrophysics Data System}
}

@ARTICLE{shrivastava2016,
   author = {{Shrivastava}, A. and {Pfister}, T. and {Tuzel}, O. and {Susskind}, J. and 
  {Wang}, W. and {Webb}, R.},
    title = "{Learning from Simulated and Unsupervised Images through Adversarial Training}",
  journal = {ArXiv e-prints},
archivePrefix = "arXiv",
   eprint = {1612.07828},
 primaryClass = "cs.CV",
 keywords = {Computer Science - Computer Vision and Pattern Recognition, Computer Science - Learning, Computer Science - Neural and Evolutionary Computing},
     year = 2016,
    month = dec,
   adsurl = {http://adsabs.harvard.edu/abs/2016arXiv161207828S},
  adsnote = {Provided by the SAO/NASA Astrophysics Data System}
}



@ARTICLE{zackay2014,
   author = {{Zackay}, B. and {Ofek}, E.~O.},
    title = "{An Accurate and Efficient Algorithm for Detection of Radio Bursts with an Unknown Dispersion Measure, for Single-dish Telescopes and Interferometers}",
  journal = {\apj},
 keywords = {methods: data analysis, methods: statistical},
     year = 2017,
    month = jan,
   volume = 835,
      eid = {11},
    pages = {11},
      doi = {10.3847/1538-4357/835/1/11},
   adsurl = {http://adsabs.harvard.edu/abs/2017ApJ...835...11Z},
  adsnote = {Provided by the SAO/NASA Astrophysics Data System}
}


@ARTICLE{cuDNN2014,
   author = {{Chetlur}, S. and {Woolley}, C. and {Vandermersch}, P. and {Cohen}, J. and 
  {Tran}, J. and {Catanzaro}, B. and {Shelhamer}, E.},
    title = "{cuDNN: Efficient Primitives for Deep Learning}",
  journal = {ArXiv e-prints},
archivePrefix = "arXiv",
   eprint = {1410.0759},
 keywords = {Computer Science - Neural and Evolutionary Computing, Computer Science - Learning, Computer Science - Mathematical Software},
     year = 2014,
    month = oct,
   adsurl = {http://adsabs.harvard.edu/abs/2014arXiv1410.0759C},
  adsnote = {Provided by the SAO/NASA Astrophysics Data System}
}

@inproceedings{maas2013rectifier,
  title={Rectifier nonlinearities improve neural network acoustic models},
  author={Maas, Andrew L and Hannun, Awni Y and Ng, Andrew Y},
  booktitle={Proc. ICML},
  volume={30},
  year={2013}
}

@ARTICLE{lecun2015,
   author = {{Lecun}, Y. and {Bengio}, Y. and {Hinton}, G.},
    title = "{Deep learning}",
  journal = {\nat},
     year = 2015,
    month = may,
   volume = 521,
    pages = {436-444},
      doi = {10.1038/nature14539},
   adsurl = {http://adsabs.harvard.edu/abs/2015Natur.521..436L},
  adsnote = {Provided by the SAO/NASA Astrophysics Data System}
}


@ARTICLE{goldberg2015,
   author = {{Goldberg}, Y.},
    title = "{A Primer on Neural Network Models for Natural Language Processing}",
  journal = {ArXiv e-prints},
archivePrefix = "arXiv",
   eprint = {1510.00726},
 primaryClass = "cs.CL",
 keywords = {Computer Science - Computation and Language},
     year = 2015,
    month = oct,
   adsurl = {http://adsabs.harvard.edu/abs/2015arXiv151000726G},
  adsnote = {Provided by the SAO/NASA Astrophysics Data System}
}

@ARTICLE{magro2011,
   author = {{Magro}, A. and {Karastergiou}, A. and {Salvini}, S. and {Mort}, B. and 
  {Dulwich}, F. and {Zarb Adami}, K.},
    title = "{Real-time, fast radio transient searches with GPU de-dispersion}",
  journal = {\mnras},
archivePrefix = "arXiv",
   eprint = {1107.2516},
 primaryClass = "astro-ph.IM",
 keywords = {instrumentation: miscellaneous},
     year = 2011,
    month = nov,
   volume = 417,
    pages = {2642-2650},
      doi = {10.1111/j.1365-2966.2011.19426.x},
   adsurl = {http://adsabs.harvard.edu/abs/2011MNRAS.417.2642M},
  adsnote = {Provided by the SAO/NASA Astrophysics Data System}
}


@ARTICLE{barsdell2012,
   author = {{Barsdell}, B.~R. and {Bailes}, M. and {Barnes}, D.~G. and {Fluke}, C.~J.
  },
    title = "{Accelerating incoherent dedispersion}",
  journal = {\mnras},
archivePrefix = "arXiv",
   eprint = {1201.5380},
 primaryClass = "astro-ph.IM",
 keywords = {methods: data analysis, pulsars: general},
     year = 2012,
    month = may,
   volume = 422,
    pages = {379-392},
      doi = {10.1111/j.1365-2966.2012.20622.x},
   adsurl = {http://adsabs.harvard.edu/abs/2012MNRAS.422..379B},
  adsnote = {Provided by the SAO/NASA Astrophysics Data System}
}



@ARTICLE{guo2017,
   author = {{Guo}, P. and {Duan}, F. and {Wang}, P. and {Yao}, Y. and {Xin}, X.
  },
    title = "{Pulsar Candidate Identification with Artificial Intelligence Techniques}",
  journal = {ArXiv e-prints},
archivePrefix = "arXiv",
   eprint = {1711.10339},
 primaryClass = "astro-ph.IM",
 keywords = {Astrophysics - Instrumentation and Methods for Astrophysics, Computer Science - Computer Vision and Pattern Recognition},
     year = 2017,
    month = nov,
   adsurl = {http://adsabs.harvard.edu/abs/2017arXiv171110339G},
  adsnote = {Provided by the SAO/NASA Astrophysics Data System}
}

@ARTICLE{lorimer07,
   author = {{Lorimer}, D.~R. and {Bailes}, M. and {McLaughlin}, M.~A. and 
  {Narkevic}, D.~J. and {Crawford}, F.},
    title = "{A Bright Millisecond Radio Burst of Extragalactic Origin}",
  journal = {Science},
archivePrefix = "arXiv",
   eprint = {0709.4301},
     year = 2007,
    month = nov,
   volume = 318,
    pages = {777-},
      doi = {10.1126/science.1147532},
   adsurl = {http://adsabs.harvard.edu/abs/2007Sci...318..777L},
  adsnote = {Provided by the SAO/NASA Astrophysics Data System}
}


@ARTICLE{lin2017,
   author = {{Lin}, H.~W. and {Tegmark}, M. and {Rolnick}, D.},
    title = "{Why Does Deep and Cheap Learning Work So Well?}",
  journal = {Journal of Statistical Physics},
archivePrefix = "arXiv",
   eprint = {1608.08225},
 primaryClass = "cond-mat.dis-nn",
 keywords = {Artificial neural networks, Deep learning, Statistical physics},
     year = 2017,
    month = sep,
   volume = 168,
    pages = {1223-1247},
      doi = {10.1007/s10955-017-1836-5},
   adsurl = {http://adsabs.harvard.edu/abs/2017JSP...168.1223L},
  adsnote = {Provided by the SAO/NASA Astrophysics Data System}
}


@book{Goodfellow-et-al-2016,
    title={Deep Learning},
    author={Ian Goodfellow and Yoshua Bengio and Aaron Courville},
    publisher={MIT Press},
    note={\url{http://www.deeplearningbook.org}},
    year={2016}
}

@ARTICLE{ng2017,
   author = {{Ng}, C. and {Vanderlinde}, K. and {Paradise}, A. and {Klages}, P. and 
  {Masui}, K. and {Smith}, K. and {Bandura}, K. and {Boyle}, P.~J. and 
  {Dobbs}, M. and {Kaspi}, V. and {Renard}, A. and {Shaw}, J.~R. and 
  {Stairs}, I. and {Tretyakov}, I.},
    title = "{CHIME FRB: An application of FFT beamforming for a radio telescope}",
  journal = {ArXiv e-prints},
archivePrefix = "arXiv",
   eprint = {1702.04728},
 primaryClass = "astro-ph.IM",
 keywords = {Astrophysics - Instrumentation and Methods for Astrophysics, Astrophysics - Cosmology and Nongalactic Astrophysics, Astrophysics - High Energy Astrophysical Phenomena, Astrophysics - Solar and Stellar Astrophysics},
     year = 2017,
    month = feb,
   adsurl = {http://adsabs.harvard.edu/abs/2017arXiv170204728N},
  adsnote = {Provided by the SAO/NASA Astrophysics Data System}
}

@ARTICLE{eatough2010,
   author = {{Eatough}, R.~P. and {Molkenthin}, N. and {Kramer}, M. and {Noutsos}, A. and 
  {Keith}, M.~J. and {Stappers}, B.~W. and {Lyne}, A.~G.},
    title = "{Selection of radio pulsar candidates using artificial neural networks}",
  journal = {\mnras},
archivePrefix = "arXiv",
   eprint = {1005.5068},
 primaryClass = "astro-ph.IM",
 keywords = {methods: data analysis, stars: neutron, pulsars: general},
     year = 2010,
    month = oct,
   volume = 407,
    pages = {2443-2450},
      doi = {10.1111/j.1365-2966.2010.17082.x},
   adsurl = {http://adsabs.harvard.edu/abs/2010MNRAS.407.2443E},
  adsnote = {Provided by the SAO/NASA Astrophysics Data System}
}

@ARTICLE{zhu2014,
   author = {{Zhu}, W.~W. and {Berndsen}, A. and {Madsen}, E.~C. and {Tan}, M. and 
  {Stairs}, I.~H. and {Brazier}, A. and {Lazarus}, P. and {Lynch}, R. and 
  {Scholz}, P. and {Stovall}, K. and {Ransom}, S.~M. and {Banaszak}, S. and 
  {Biwer}, C.~M. and {Cohen}, S. and {Dartez}, L.~P. and {Flanigan}, J. and 
  {Lunsford}, G. and {Martinez}, J.~G. and {Mata}, A. and {Rohr}, M. and 
  {Walker}, A. and {Allen}, B. and {Bhat}, N.~D.~R. and {Bogdanov}, S. and 
  {Camilo}, F. and {Chatterjee}, S. and {Cordes}, J.~M. and {Crawford}, F. and 
  {Deneva}, J.~S. and {Desvignes}, G. and {Ferdman}, R.~D. and 
  {Freire}, P.~C.~C. and {Hessels}, J.~W.~T. and {Jenet}, F.~A. and 
  {Kaplan}, D.~L. and {Kaspi}, V.~M. and {Knispel}, B. and {Lee}, K.~J. and 
  {van Leeuwen}, J. and {Lyne}, A.~G. and {McLaughlin}, M.~A. and 
  {Siemens}, X. and {Spitler}, L.~G. and {Venkataraman}, A.},
    title = "{Searching for Pulsars Using Image Pattern Recognition}",
  journal = {\apj},
archivePrefix = "arXiv",
   eprint = {1309.0776},
 primaryClass = "astro-ph.IM",
 keywords = {methods: data analysis, pulsars: general, stars: neutron, techniques: image processing},
     year = 2014,
    month = feb,
   volume = 781,
      eid = {117},
    pages = {117},
      doi = {10.1088/0004-637X/781/2/117},
   adsurl = {http://adsabs.harvard.edu/abs/2014ApJ...781..117Z},
  adsnote = {Provided by the SAO/NASA Astrophysics Data System}
}

@ARTICLE{bannister2017,
   author = {{Bannister}, K.~W. and {Shannon}, R.~M. and {Macquart}, J.-P. and 
  {Flynn}, C. and {Edwards}, P.~G. and {O'Neill}, M. and {Os{\l}owski}, S. and 
  {Bailes}, M. and {Zackay}, B. and {Clarke}, N. and {D'Addario}, L.~R. and 
  {Dodson}, R. and {Hall}, P.~J. and {Jameson}, A. and {Jones}, D. and 
  {Navarro}, R. and {Trinh}, J.~T. and {Allison}, J. and {Anderson}, C.~S. and 
  {Bell}, M. and {Chippendale}, A.~P. and {Collier}, J.~D. and 
  {Heald}, G. and {Heywood}, I. and {Hotan}, A.~W. and {Lee-Waddell}, K. and 
  {Madrid}, J.~P. and {Marvil}, J. and {McConnell}, D. and {Popping}, A. and 
  {Voronkov}, M.~A. and {Whiting}, M.~T. and {Allen}, G.~R. and 
  {Bock}, D.~C.-J. and {Brodrick}, D.~P. and {Cooray}, F. and 
  {DeBoer}, D.~R. and {Diamond}, P.~J. and {Ekers}, R. and {Gough}, R.~G. and 
  {Hampson}, G.~A. and {Harvey-Smith}, L. and {Hay}, S.~G. and 
  {Hayman}, D.~B. and {Jackson}, C.~A. and {Johnston}, S. and 
  {Koribalski}, B.~S. and {McClure-Griffiths}, N.~M. and {Mirtschin}, P. and 
  {Ng}, A. and {Norris}, R.~P. and {Pearce}, S.~E. and {Phillips}, C.~J. and 
  {Roxby}, D.~N. and {Troup}, E.~R. and {Westmeier}, T.},
    title = "{The Detection of an Extremely Bright Fast Radio Burst in a Phased Array Feed Survey}",
  journal = {\apjl},
archivePrefix = "arXiv",
   eprint = {1705.07581},
 primaryClass = "astro-ph.HE",
 keywords = {instrumentation: interferometers, methods: data analysis, radiation mechanisms: non-thermal, surveys},
     year = 2017,
    month = may,
   volume = 841,
      eid = {L12},
    pages = {L12},
      doi = {10.3847/2041-8213/aa71ff},
   adsurl = {http://adsabs.harvard.edu/abs/2017ApJ...841L..12B},
  adsnote = {Provided by the SAO/NASA Astrophysics Data System}
}


@ARTICLE{devine2016,
   author = {{Devine}, T.~R. and {Goseva-Popstojanova}, K. and {McLaughlin}, M.
  },
    title = "{Detection of dispersed radio pulses: a machine learning approach to candidate identification and classification}",
  journal = {\mnras},
archivePrefix = "arXiv",
   eprint = {1603.09461},
 primaryClass = "astro-ph.IM",
 keywords = {methods: data analysis, pulsars: general},
     year = 2016,
    month = jun,
   volume = 459,
    pages = {1519-1532},
      doi = {10.1093/mnras/stw655},
   adsurl = {http://adsabs.harvard.edu/abs/2016MNRAS.459.1519D},
  adsnote = {Provided by the SAO/NASA Astrophysics Data System}
}

@ARTICLE{foster2018,
   author = {{Foster}, G. and {Karastergiou}, A. and {Golpayegani}, G. and 
  {Surnis}, M. and {Lorimer}, D.~R. and {Chennamangalam}, J. and 
  {McLaughlin}, M. and {Armour}, W. and {Cobb}, J. and {MacMahon}, D.~H.~E. and 
  {Pei}, X. and {Rajwade}, K. and {Siemion}, A.~P.~V. and {Werthimer}, D. and 
  {Williams}, C.~J.},
    title = "{ALFABURST: a commensal search for fast radio bursts with Arecibo}",
  journal = {\mnras},
archivePrefix = "arXiv",
   eprint = {1710.10806},
 primaryClass = "astro-ph.IM",
 keywords = {methods: observational, radio continuum: transients},
     year = 2018,
    month = mar,
   volume = 474,
    pages = {3847-3856},
      doi = {10.1093/mnras/stx3038},
   adsurl = {http://adsabs.harvard.edu/abs/2018MNRAS.474.3847F},
  adsnote = {Provided by the SAO/NASA Astrophysics Data System}
}


@ARTICLE{2014A&A...570A..60C,
   author = {{Coenen}, T. and {van Leeuwen}, J. and {Hessels}, J.~W.~T. and 
  {Stappers}, B.~W. and {Kondratiev}, V.~I. and {Alexov}, A. and 
  {Breton}, R.~P. and {Bilous}, A. and {Cooper}, S. and {Falcke}, H. and 
  {Fallows}, R.~A. and {Gajjar}, V. and {Grie{\ss}meier}, J.-M. and 
  {Hassall}, T.~E. and {Karastergiou}, A. and {Keane}, E.~F. and 
  {Kramer}, M. and {Kuniyoshi}, M. and {Noutsos}, A. and {Os{\l}owski}, S. and 
  {Pilia}, M. and {Serylak}, M. and {Schrijvers}, C. and {Sobey}, C. and 
  {ter Veen}, S. and {Verbiest}, J. and {Weltevrede}, P. and {Wijnholds}, S. and 
  {Zagkouris}, K. and {van Amesfoort}, A.~S. and {Anderson}, J. and 
  {Asgekar}, A. and {Avruch}, I.~M. and {Bell}, M.~E. and {Bentum}, M.~J. and 
  {Bernardi}, G. and {Best}, P. and {Bonafede}, A. and {Breitling}, F. and 
  {Broderick}, J. and {Br{\"u}ggen}, M. and {Butcher}, H.~R. and 
  {Ciardi}, B. and {Corstanje}, A. and {Deller}, A. and {Duscha}, S. and 
  {Eisl{\"o}ffel}, J. and {Fender}, R. and {Ferrari}, C. and {Frieswijk}, W. and 
  {Garrett}, M.~A. and {de Gasperin}, F. and {de Geus}, E. and 
  {Gunst}, A.~W. and {Hamaker}, J.~P. and {Heald}, G. and {Hoeft}, M. and 
  {van der Horst}, A. and {Juette}, E. and {Kuper}, G. and {Law}, C. and 
  {Mann}, G. and {McFadden}, R. and {McKay-Bukowski}, D. and {McKean}, J.~P. and 
  {Munk}, H. and {Orru}, E. and {Paas}, H. and {Pandey-Pommier}, M. and 
  {Polatidis}, A.~G. and {Reich}, W. and {Renting}, A. and {R{\"o}ttgering}, H. and 
  {Rowlinson}, A. and {Scaife}, A.~M.~M. and {Schwarz}, D. and 
  {Sluman}, J. and {Smirnov}, O. and {Swinbank}, J. and {Tagger}, M. and 
  {Tang}, Y. and {Tasse}, C. and {Thoudam}, S. and {Toribio}, C. and 
  {Vermeulen}, R. and {Vocks}, C. and {van Weeren}, R.~J. and 
  {Wucknitz}, O. and {Zarka}, P. and {Zensus}, A.},
    title = "{The LOFAR pilot surveys for pulsars and fast radio transients}",
  journal = {\aap},
archivePrefix = "arXiv",
   eprint = {1408.0411},
 primaryClass = "astro-ph.SR",
 keywords = {pulsars: general, telescopes, surveys},
     year = 2014,
    month = oct,
   volume = 570,
      eid = {A60},
    pages = {A60},
      doi = {10.1051/0004-6361/201424495},
   adsurl = {http://adsabs.harvard.edu/abs/2014A%26A...570A..60C},
  adsnote = {Provided by the SAO/NASA Astrophysics Data System}
}


@ARTICLE{2014A&A...562A.137F,
   author = {{Falcke}, H. and {Rezzolla}, L.},
    title = "{Fast radio bursts: the last sign of supramassive neutron stars}",
  journal = {\aap},
archivePrefix = "arXiv",
   eprint = {1307.1409},
 primaryClass = "astro-ph.HE",
 keywords = {pulsars: general, magnetic fields, gravitation, radiation mechanisms: non-thermal, gamma-ray burst: general, stars: neutron},
     year = 2014,
    month = feb,
   volume = 562,
      eid = {A137},
    pages = {A137},
      doi = {10.1051/0004-6361/201321996},
   adsurl = {http://adsabs.harvard.edu/abs/2014A%26A...562A.137F},
  adsnote = {Provided by the SAO/NASA Astrophysics Data System}
}

@ARTICLE{2013ApJ...776L..39K,
   author = {{Kashiyama}, K. and {Ioka}, K. and {M{\'e}sz{\'a}ros}, P.},
    title = "{Cosmological Fast Radio Bursts from Binary White Dwarf Mergers}",
  journal = {\apjl},
archivePrefix = "arXiv",
   eprint = {1307.7708},
 primaryClass = "astro-ph.HE",
 keywords = {binaries: general, radio continuum: general, white dwarfs},
     year = 2013,
    month = oct,
   volume = 776,
      eid = {L39},
    pages = {L39},
      doi = {10.1088/2041-8205/776/2/L39},
   adsurl = {http://adsabs.harvard.edu/abs/2013ApJ...776L..39K},
  adsnote = {Provided by the SAO/NASA Astrophysics Data System}
}

@ARTICLE{2017arXiv170107457C,
   author = {{Chawla}, P. and {Kaspi}, V.~M. and {Josephy}, A. and {Rajwade}, K.~M. and 
  {Lorimer}, D.~R. and {Archibald}, A.~M. and {DeCesar}, M.~E. and 
  {Hessels}, J.~W.~T. and {Kaplan}, D.~L. and {Karako-Argaman}, C. and 
  {Kondratiev}, V.~I. and {Levin}, L. and {Lynch}, R.~S. and {McLaughlin}, M.~A. and 
  {Ransom}, S.~M. and {Roberts}, M.~S.~E. and {Stairs}, I.~H. and 
  {Stovall}, K. and {Swiggum}, J.~K. and {van Leeuwen}, J.},
    title = "{A Search for Fast Radio Bursts with the GBNCC Pulsar Survey}",
  journal = {ArXiv e-prints},
archivePrefix = "arXiv",
   eprint = {1701.07457},
 primaryClass = "astro-ph.HE",
 keywords = {Astrophysics - High Energy Astrophysical Phenomena},
     year = 2017,
    month = jan,
   adsurl = {http://adsabs.harvard.edu/abs/2017arXiv170107457C},
  adsnote = {Provided by the SAO/NASA Astrophysics Data System}
}

@ARTICLE{1992ApJ...388L..45M,
   author = {{Mao}, S. and {Paczynski}, B.},
    title = "{On the cosmological origin of gamma-ray bursts}",
  journal = {\apjl},
 keywords = {Astronomical Models, Gamma Ray Bursts, Gamma Ray Observatory, Pioneer Venus Spacecraft, Red Shift, Stellar Luminosity},
     year = 1992,
    month = apr,
   volume = 388,
    pages = {L45-L48},
      doi = {10.1086/186326},
   adsurl = {http://adsabs.harvard.edu/abs/1992ApJ...388L..45M},
  adsnote = {Provided by the SAO/NASA Astrophysics Data System}
}

@ARTICLE{tpu2017,
   author = {{Jouppi}, N.~P. and {Young}, C. and {Patil}, N. and {Patterson}, D. and 
  {Agrawal}, G. and {Bajwa}, R. and {Bates}, S. and {Bhatia}, S. and 
  {Boden}, N. and {Borchers}, A. and {Boyle}, R. and {Cantin}, P.-l. and 
  {Chao}, C. and {Clark}, C. and {Coriell}, J. and {Daley}, M. and 
  {Dau}, M. and {Dean}, J. and {Gelb}, B. and {Vazir Ghaemmaghami}, T. and 
  {Gottipati}, R. and {Gulland}, W. and {Hagmann}, R. and {Ho}, C.~R. and 
  {Hogberg}, D. and {Hu}, J. and {Hundt}, R. and {Hurt}, D. and 
  {Ibarz}, J. and {Jaffey}, A. and {Jaworski}, A. and {Kaplan}, A. and 
  {Khaitan}, H. and {Koch}, A. and {Kumar}, N. and {Lacy}, S. and 
  {Laudon}, J. and {Law}, J. and {Le}, D. and {Leary}, C. and 
  {Liu}, Z. and {Lucke}, K. and {Lundin}, A. and {MacKean}, G. and 
  {Maggiore}, A. and {Mahony}, M. and {Miller}, K. and {Nagarajan}, R. and 
  {Narayanaswami}, R. and {Ni}, R. and {Nix}, K. and {Norrie}, T. and 
  {Omernick}, M. and {Penukonda}, N. and {Phelps}, A. and {Ross}, J. and 
  {Ross}, M. and {Salek}, A. and {Samadiani}, E. and {Severn}, C. and 
  {Sizikov}, G. and {Snelham}, M. and {Souter}, J. and {Steinberg}, D. and 
  {Swing}, A. and {Tan}, M. and {Thorson}, G. and {Tian}, B. and 
  {Toma}, H. and {Tuttle}, E. and {Vasudevan}, V. and {Walter}, R. and 
  {Wang}, W. and {Wilcox}, E. and {Yoon}, D.~H.},
    title = "{In-Datacenter Performance Analysis of a Tensor Processing Unit}",
  journal = {ArXiv e-prints},
archivePrefix = "arXiv",
   eprint = {1704.04760},
 keywords = {Computer Science - Hardware Architecture, Computer Science - Learning, Computer Science - Neural and Evolutionary Computing},
     year = 2017,
    month = apr,
   adsurl = {http://adsabs.harvard.edu/abs/2017arXiv170404760J},
  adsnote = {Provided by the SAO/NASA Astrophysics Data System}
}

@ARTICLE{petrofffrbcat,
   author = {{Petroff}, E. and {Barr}, E.~D. and {Jameson}, A. and {Keane}, E.~F. and 
  {Bailes}, M. and {Kramer}, M. and {Morello}, V. and {Tabbara}, D. and 
  {van Straten}, W.},
    title = "{FRBCAT: The Fast Radio Burst Catalogue}",
  journal = {\pasa},
archivePrefix = "arXiv",
   eprint = {1601.03547},
 primaryClass = "astro-ph.HE",
 keywords = {catalogs, methods: data analysis, telescopes},
     year = 2016,
    month = sep,
   volume = 33,
      eid = {e045},
    pages = {e045},
      doi = {10.1017/pasa.2016.35},
   adsurl = {http://adsabs.harvard.edu/abs/2016PASA...33...45P},
  adsnote = {Provided by the SAO/NASA Astrophysics Data System}
}

@ARTICLE{2016MNRAS.tmpL..49C,
   author = {{Champion}, D.~J. and {Petroff}, E. and {Kramer}, M. and {Keith}, M.~J. and 
  {Bailes}, M. and {Barr}, E.~D. and {Bates}, S.~D. and {Bhat}, N.~D.~R. and 
  {Burgay}, M. and {Burke-Spolaor}, S. and {Flynn}, C.~M.~L. and 
  {Jameson}, A. and {Johnston}, S. and {Ng}, C. and {Levin}, L. and 
  {Possenti}, A. and {Stappers}, B.~W. and {van Straten}, W. and 
  {Thornton}, D. and {Tiburzi}, C. and {Lyne}, A.~G.},
    title = "{Five new Fast Radio Bursts from the HTRU high latitude survey at Parkes: first evidence for two-component bursts}",
  journal = {\mnras},
archivePrefix = "arXiv",
   eprint = {1511.07746},
 primaryClass = "astro-ph.HE",
 keywords = {surveys, pulsars: general, intergalactic medium, scattering},
     year = 2016,
    month = apr,
      doi = {10.1093/mnrasl/slw069},
   adsurl = {http://adsabs.harvard.edu/abs/2016MNRAS.tmpL..49C},
  adsnote = {Provided by the SAO/NASA Astrophysics Data System}
}





@ARTICLE{2016ApJ...824L..32P,
   author = {{Piro}, A.~L.},
    title = "{The Impact of a Supernova Remnant on Fast Radio Bursts}",
  journal = {\apjl},
archivePrefix = "arXiv",
   eprint = {1604.04909},
 primaryClass = "astro-ph.HE",
 keywords = {pulsars: general, radio continuum: general, stars: magnetic field, stars: neutron },
     year = 2016,
    month = jun,
   volume = 824,
      eid = {L32},
    pages = {L32},
      doi = {10.3847/2041-8205/824/2/L32},
   adsurl = {http://adsabs.harvard.edu/abs/2016ApJ...824L..32P},
  adsnote = {Provided by the SAO/NASA Astrophysics Data System}
}

@ARTICLE{2016PhRvD..93b3001R,
   author = {{Romero}, G.~E. and {del Valle}, M.~V. and {Vieyro}, F.~L.},
    title = "{Mechanism for fast radio bursts}",
  journal = {\prd},
archivePrefix = "arXiv",
   eprint = {1512.03772},
 primaryClass = "astro-ph.HE",
     year = 2016,
    month = jan,
   volume = 93,
   number = 2,
      eid = {023001},
    pages = {023001},
      doi = {10.1103/PhysRevD.93.023001},
   adsurl = {http://adsabs.harvard.edu/abs/2016PhRvD..93b3001R},
  adsnote = {Provided by the SAO/NASA Astrophysics Data System}
}

@ARTICLE{2016arXiv160302891L,
   author = {{Lyutikov}, M. and {Burzawa}, L. and {Popov}, S.~B.},
    title = "{Fast radio bursts as giant pulses from young rapidly rotating pulsars}",
  journal = {ArXiv e-prints},
archivePrefix = "arXiv",
   eprint = {1603.02891},
 primaryClass = "astro-ph.HE",
 keywords = {Astrophysics - High Energy Astrophysical Phenomena},
     year = 2016,
    month = mar,
   adsurl = {http://adsabs.harvard.edu/abs/2016arXiv160302891L},
  adsnote = {Provided by the SAO/NASA Astrophysics Data System}
}

@ARTICLE{connor-2016a,
   author = {{Connor}, L. and {Sievers}, J. and {Pen}, U.-L.},
    title = "{Non-cosmological FRBs from young supernova remnant pulsars}",
  journal = {\mnras},
archivePrefix = "arXiv",
   eprint = {1505.05535},
 primaryClass = "astro-ph.HE",
 keywords = {pulsars: general, supernovae: general},
     year = 2016,
    month = may,
   volume = 458,
    pages = {L19-L23},
      doi = {10.1093/mnrasl/slv124},
   adsurl = {http://adsabs.harvard.edu/abs/2016MNRAS.458L..19C},
  adsnote = {Provided by the SAO/NASA Astrophysics Data System}
}

@ARTICLE{2017ApJ...834L...7T,
   author = {{Tendulkar}, S.~P. and {Bassa}, C.~G. and {Cordes}, J.~M. and 
  {Bower}, G.~C. and {Law}, C.~J. and {Chatterjee}, S. and {Adams}, E.~A.~K. and 
  {Bogdanov}, S. and {Burke-Spolaor}, S. and {Butler}, B.~J. and 
  {Demorest}, P. and {Hessels}, J.~W.~T. and {Kaspi}, V.~M. and 
  {Lazio}, T.~J.~W. and {Maddox}, N. and {Marcote}, B. and {McLaughlin}, M.~A. and 
  {Paragi}, Z. and {Ransom}, S.~M. and {Scholz}, P. and {Seymour}, A. and 
  {Spitler}, L.~G. and {van Langevelde}, H.~J. and {Wharton}, R.~S.
  },
    title = "{The Host Galaxy and Redshift of the Repeating Fast Radio Burst FRB 121102}",
  journal = {\apjl},
archivePrefix = "arXiv",
   eprint = {1701.01100},
 primaryClass = "astro-ph.HE",
 keywords = {galaxies: distances and redshifts, galaxies: dwarf, galaxies: ISM, stars: magnetars, stars: neutron },
     year = 2017,
    month = jan,
   volume = 834,
      eid = {L7},
    pages = {L7},
      doi = {10.3847/2041-8213/834/2/L7},
   adsurl = {http://adsabs.harvard.edu/abs/2017ApJ...834L...7T},
  adsnote = {Provided by the SAO/NASA Astrophysics Data System}
}


@ARTICLE{2017ApJ...834L...8M,
   author = {{Marcote}, B. and {Paragi}, Z. and {Hessels}, J.~W.~T. and {Keimpema}, A. and 
  {van Langevelde}, H.~J. and {Huang}, Y. and {Bassa}, C.~G. and 
  {Bogdanov}, S. and {Bower}, G.~C. and {Burke-Spolaor}, S. and 
  {Butler}, B.~J. and {Campbell}, R.~M. and {Chatterjee}, S. and 
  {Cordes}, J.~M. and {Demorest}, P. and {Garrett}, M.~A. and 
  {Ghosh}, T. and {Kaspi}, V.~M. and {Law}, C.~J. and {Lazio}, T.~J.~W. and 
  {McLaughlin}, M.~A. and {Ransom}, S.~M. and {Salter}, C.~J. and 
  {Scholz}, P. and {Seymour}, A. and {Siemion}, A. and {Spitler}, L.~G. and 
  {Tendulkar}, S.~P. and {Wharton}, R.~S.},
    title = "{The Repeating Fast Radio Burst FRB 121102 as Seen on Milliarcsecond Angular Scales}",
  journal = {\apjl},
archivePrefix = "arXiv",
   eprint = {1701.01099},
 primaryClass = "astro-ph.HE",
 keywords = {radiation mechanisms: non-thermal, radio continuum: galaxies, techniques: high angular resolution },
     year = 2017,
    month = jan,
   volume = 834,
      eid = {L8},
    pages = {L8},
      doi = {10.3847/2041-8213/834/2/L8},
   adsurl = {http://adsabs.harvard.edu/abs/2017ApJ...834L...8M},
  adsnote = {Provided by the SAO/NASA Astrophysics Data System}
}


@ARTICLE{2017arXiv170101098C,
   author = {{Chatterjee}, S. and {Law}, C.~J. and {Wharton}, R.~S. and {Burke-Spolaor}, S. and 
  {Hessels}, J.~W.~T. and {Bower}, G.~C. and {Cordes}, J.~M. and 
  {Tendulkar}, S.~P. and {Bassa}, C.~G. and {Demorest}, P. and 
  {Butler}, B.~J. and {Seymour}, A. and {Scholz}, P. and {Abruzzo}, M.~W. and 
  {Bogdanov}, S. and {Kaspi}, V.~M. and {Keimpema}, A. and {Lazio}, T.~J.~W. and 
  {Marcote}, B. and {McLaughlin}, M.~A. and {Paragi}, Z. and {Ransom}, S.~M. and 
  {Rupen}, M. and {Spitler}, L.~G. and {van Langevelde}, H.~J.
  },
    title = "{The direct localization of a fast radio burst and its host}",
  journal = {ArXiv e-prints},
archivePrefix = "arXiv",
   eprint = {1701.01098},
 primaryClass = "astro-ph.HE",
 keywords = {Astrophysics - High Energy Astrophysical Phenomena, Astrophysics - Cosmology and Nongalactic Astrophysics, Astrophysics - Instrumentation and Methods for Astrophysics},
     year = 2017,
    month = jan,
   adsurl = {http://adsabs.harvard.edu/abs/2017arXiv170101098C},
  adsnote = {Provided by the SAO/NASA Astrophysics Data System}
}


@ARTICLE{2015MNRAS.451.3933P,
   author = {{Petroff}, E. and {Keane}, E.~F. and {Barr}, E.~D. and {Reynolds}, J.~E. and 
  {Sarkissian}, J. and {Edwards}, P.~G. and {Stevens}, J. and 
  {Brem}, C. and {Jameson}, A. and {Burke-Spolaor}, S. and {Johnston}, S. and 
  {Bhat}, N.~D.~R. and {Kudale}, P.~C.~S. and {Bhandari}, S.},
    title = "{Identifying the source of perytons at the Parkes radio telescope}",
  journal = {\mnras},
archivePrefix = "arXiv",
   eprint = {1504.02165},
 primaryClass = "astro-ph.IM",
 keywords = {methods: data analysis, site testing, surveys},
     year = 2015,
    month = aug,
   volume = 451,
    pages = {3933-3940},
      doi = {10.1093/mnras/stv1242},
   adsurl = {http://adsabs.harvard.edu/abs/2015MNRAS.451.3933P},
  adsnote = {Provided by the SAO/NASA Astrophysics Data System}
}


@ARTICLE{spitler2014,
   author = {{Spitler}, L.~G. and {Cordes}, J.~M. and {Hessels}, J.~W.~T. and 
  {Lorimer}, D.~R. and {McLaughlin}, M.~A. and {Chatterjee}, S. and 
  {Crawford}, F. and {Deneva}, J.~S. and {Kaspi}, V.~M. and {Wharton}, R.~S. and 
  {Allen}, B. and {Bogdanov}, S. and {Brazier}, A. and {Camilo}, F. and 
  {Freire}, P.~C.~C. and {Jenet}, F.~A. and {Karako-Argaman}, C. and 
  {Knispel}, B. and {Lazarus}, P. and {Lee}, K.~J. and {van Leeuwen}, J. and 
  {Lynch}, R. and {Ransom}, S.~M. and {Scholz}, P. and {Siemens}, X. and 
  {Stairs}, I.~H. and {Stovall}, K. and {Swiggum}, J.~K. and {Venkataraman}, A. and 
  {Zhu}, W.~W. and {Aulbert}, C. and {Fehrmann}, H.},
    title = "{Fast Radio Burst Discovered in the Arecibo Pulsar ALFA Survey}",
  journal = {\apj},
archivePrefix = "arXiv",
   eprint = {1404.2934},
 primaryClass = "astro-ph.HE",
 keywords = {pulsars: general},
     year = 2014,
    month = aug,
   volume = 790,
      eid = {101},
    pages = {101},
      doi = {10.1088/0004-637X/790/2/101},
   adsurl = {http://adsabs.harvard.edu/abs/2014ApJ...790..101S},
  adsnote = {Provided by the SAO/NASA Astrophysics Data System}
}


@ARTICLE{2016Natur.531..202S,
   author = {{Spitler}, L.~G. and {Scholz}, P. and {Hessels}, J.~W.~T. and 
  {Bogdanov}, S. and {Brazier}, A. and {Camilo}, F. and {Chatterjee}, S. and 
  {Cordes}, J.~M. and {Crawford}, F. and {Deneva}, J. and {Ferdman}, R.~D. and 
  {Freire}, P.~C.~C. and {Kaspi}, V.~M. and {Lazarus}, P. and 
  {Lynch}, R. and {Madsen}, E.~C. and {McLaughlin}, M.~A. and 
  {Patel}, C. and {Ransom}, S.~M. and {Seymour}, A. and {Stairs}, I.~H. and 
  {Stappers}, B.~W. and {van Leeuwen}, J. and {Zhu}, W.~W.},
    title = "{A repeating fast radio burst}",
  journal = {\nat},
archivePrefix = "arXiv",
   eprint = {1603.00581},
 primaryClass = "astro-ph.HE",
     year = 2016,
    month = mar,
   volume = 531,
    pages = {202-205},
      doi = {10.1038/nature17168},
   adsurl = {http://adsabs.harvard.edu/abs/2016Natur.531..202S},
  adsnote = {Provided by the SAO/NASA Astrophysics Data System}
}


@ARTICLE{2016ApJ...833..177S,
   author = {{Scholz}, P. and {Spitler}, L.~G. and {Hessels}, J.~W.~T. and 
  {Chatterjee}, S. and {Cordes}, J.~M. and {Kaspi}, V.~M. and 
  {Wharton}, R.~S. and {Bassa}, C.~G. and {Bogdanov}, S. and {Camilo}, F. and 
  {Crawford}, F. and {Deneva}, J. and {van Leeuwen}, J. and {Lynch}, R. and 
  {Madsen}, E.~C. and {McLaughlin}, M.~A. and {Mickaliger}, M. and 
  {Parent}, E. and {Patel}, C. and {Ransom}, S.~M. and {Seymour}, A. and 
  {Stairs}, I.~H. and {Stappers}, B.~W. and {Tendulkar}, S.~P.
  },
    title = "{The Repeating Fast Radio Burst FRB 121102: Multi-wavelength Observations and Additional Bursts}",
  journal = {\apj},
archivePrefix = "arXiv",
   eprint = {1603.08880},
 primaryClass = "astro-ph.HE",
 keywords = {pulsars: general, radio continuum: general, stars: neutron, X-rays: general},
     year = 2016,
    month = dec,
   volume = 833,
      eid = {177},
    pages = {177},
      doi = {10.3847/1538-4357/833/2/177},
   adsurl = {http://adsabs.harvard.edu/abs/2016ApJ...833..177S},
  adsnote = {Provided by the SAO/NASA Astrophysics Data System}
}



@ARTICLE{2015AJ....150..199T,
   author = {{Tingay}, S.~J. and {Trott}, C.~M. and {Wayth}, R.~B. and {Bernardi}, G. and 
  {Bowman}, J.~D. and {Briggs}, F. and {Cappallo}, R.~J. and {Deshpande}, A.~A. and 
  {Feng}, L. and {Gaensler}, B.~M. and {Greenhill}, L.~J. and 
  {Hancock}, P.~J. and {Hazelton}, B.~J. and {Johnston-Hollitt}, M. and 
  {Kaplan}, D.~L. and {Lonsdale}, C.~J. and {McWhirter}, S.~R. and 
  {Mitchell}, D.~A. and {Morales}, M.~F. and {Morgan}, E. and 
  {Murphy}, T. and {Oberoi}, D. and {Prabu}, T. and {Udaya Shankar}, N. and 
  {Srivani}, K.~S. and {Subrahmanyan}, R. and {Webster}, R.~L. and 
  {Williams}, A. and {Williams}, C.~L.},
    title = "{A Search for Fast Radio Bursts at Low Frequencies with Murchison Widefield Array High Time Resolution Imaging}",
  journal = {\aj},
archivePrefix = "arXiv",
   eprint = {1511.02985},
 keywords = {instrumentation: interferometers, ISM: structure, methods: observational, radio continuum: general, techniques: image processing},
     year = 2015,
    month = dec,
   volume = 150,
      eid = {199},
    pages = {199},
      doi = {10.1088/0004-6256/150/6/199},
   adsurl = {http://adsabs.harvard.edu/abs/2015AJ....150..199T},
  adsnote = {Provided by the SAO/NASA Astrophysics Data System}
}


@ARTICLE{2015MNRAS.452.1254K,
   author = {{Karastergiou}, A. and {Chennamangalam}, J. and {Armour}, W. and 
  {Williams}, C. and {Mort}, B. and {Dulwich}, F. and {Salvini}, S. and 
  {Magro}, A. and {Roberts}, S. and {Serylak}, M. and {Doo}, A. and 
  {Bilous}, A.~V. and {Breton}, R.~P. and {Falcke}, H. and {Grie{\ss}meier}, J.-M. and 
  {Hessels}, J.~W.~T. and {Keane}, E.~F. and {Kondratiev}, V.~I. and 
  {Kramer}, M. and {van Leeuwen}, J. and {Noutsos}, A. and {Os{\l}owski}, S. and 
  {Sobey}, C. and {Stappers}, B.~W. and {Weltevrede}, P.},
    title = "{Limits on fast radio bursts at 145 MHz with ARTEMIS, a real-time software backend}",
  journal = {\mnras},
archivePrefix = "arXiv",
   eprint = {1506.03370},
 primaryClass = "astro-ph.IM",
 keywords = {instrumentation: miscellaneous, pulsars: general},
     year = 2015,
    month = sep,
   volume = 452,
    pages = {1254-1262},
      doi = {10.1093/mnras/stv1306},
   adsurl = {http://adsabs.harvard.edu/abs/2015MNRAS.452.1254K},
  adsnote = {Provided by the SAO/NASA Astrophysics Data System}
}


@ARTICLE{2011MNRAS.415.3153N,
   author = {{Nava}, L. and {Ghirlanda}, G. and {Ghisellini}, G. and {Celotti}, A.
  },
    title = "{Fermi/GBM and BATSE gamma-ray bursts: comparison of the spectral properties}",
  journal = {\mnras},
archivePrefix = "arXiv",
   eprint = {1012.3968},
 primaryClass = "astro-ph.HE",
 keywords = {radiation mechanisms: non-thermal, gamma-ray burst: general},
     year = 2011,
    month = aug,
   volume = 415,
    pages = {3153-3162},
      doi = {10.1111/j.1365-2966.2011.18928.x},
   adsurl = {http://adsabs.harvard.edu/abs/2011MNRAS.415.3153N},
  adsnote = {Provided by the SAO/NASA Astrophysics Data System}
}


@ARTICLE{ata2011,
   author = {{Siemion}, A.~P.~V. and {Bower}, G.~C. and {Foster}, G. and 
  {McMahon}, P.~L. and {Wagner}, M.~I. and {Werthimer}, D. and 
  {Backer}, D. and {Cordes}, J. and {van Leeuwen}, J.},
    title = "{The Allen Telescope Array Fly's Eye Survey for Fast Radio Transients}",
  journal = {\apj},
archivePrefix = "arXiv",
   eprint = {1109.2659},
 primaryClass = "astro-ph.HE",
 keywords = {instrumentation: detectors, intergalactic medium, methods: data analysis, pulsars: general, radio continuum: general},
     year = 2012,
    month = jan,
   volume = 744,
      eid = {109},
    pages = {109},
      doi = {10.1088/0004-637X/744/2/109},
   adsurl = {http://adsabs.harvard.edu/abs/2012ApJ...744..109S},
  adsnote = {Provided by the SAO/NASA Astrophysics Data System}
}



@ARTICLE{2017arXiv170102370M,
   author = {{Metzger}, B.~D. and {Berger}, E. and {Margalit}, B.},
    title = "{Millisecond Magnetar Birth Connects FRB 121102 to Superluminous Supernovae and Long Duration Gamma-ray Bursts}",
  journal = {ArXiv e-prints},
archivePrefix = "arXiv",
   eprint = {1701.02370},
 primaryClass = "astro-ph.HE",
 keywords = {Astrophysics - High Energy Astrophysical Phenomena, Astrophysics - Cosmology and Nongalactic Astrophysics},
     year = 2017,
    month = jan,
   adsurl = {http://adsabs.harvard.edu/abs/2017arXiv170102370M},
  adsnote = {Provided by the SAO/NASA Astrophysics Data System}
}


@ARTICLE{2016MNRAS.455.2207R,
   author = {{Rane}, A. and {Lorimer}, D.~R. and {Bates}, S.~D. and {McMann}, N. and 
  {McLaughlin}, M.~A. and {Rajwade}, K.},
    title = "{A search for rotating radio transients and fast radio bursts in the Parkes high-latitude pulsar survey}",
  journal = {\mnras},
archivePrefix = "arXiv",
   eprint = {1505.00834},
 primaryClass = "astro-ph.HE",
 keywords = {methods: data analysis, surveys, pulsars: general},
     year = 2016,
    month = jan,
   volume = 455,
    pages = {2207-2215},
      doi = {10.1093/mnras/stv2404},
   adsurl = {http://adsabs.harvard.edu/abs/2016MNRAS.455.2207R},
  adsnote = {Provided by the SAO/NASA Astrophysics Data System}
}


@ARTICLE{morello2014,
   author = {{Morello}, V. and {Barr}, E.~D. and {Bailes}, M. and {Flynn}, C.~M. and 
  {Keane}, E.~F. and {van Straten}, W.},
    title = "{SPINN: a straightforward machine learning solution to the pulsar candidate selection problem}",
  journal = {\mnras},
archivePrefix = "arXiv",
   eprint = {1406.3627},
 primaryClass = "astro-ph.IM",
 keywords = {methods: data analysis, stars: neutron, pulsars: general},
     year = 2014,
    month = sep,
   volume = 443,
    pages = {1651-1662},
      doi = {10.1093/mnras/stu1188},
   adsurl = {http://adsabs.harvard.edu/abs/2014MNRAS.443.1651M},
  adsnote = {Provided by the SAO/NASA Astrophysics Data System}
}


@ARTICLE{michilli2018,
   author = {{Michilli}, D. and {Seymour}, A. and {Hessels}, J.~W.~T. and 
  {Spitler}, L.~G. and {Gajjar}, V. and {Archibald}, A.~M. and 
  {Bower}, G.~C. and {Chatterjee}, S. and {Cordes}, J.~M. and 
  {Gourdji}, K. and {Heald}, G.~H. and {Kaspi}, V.~M. and {Law}, C.~J. and 
  {Sobey}, C. and {Adams}, E.~A.~K. and {Bassa}, C.~G. and {Bogdanov}, S. and 
  {Brinkman}, C. and {Demorest}, P. and {Fernandez}, F. and {Hellbourg}, G. and 
  {Lazio}, T.~J.~W. and {Lynch}, R.~S. and {Maddox}, N. and {Marcote}, B. and 
  {McLaughlin}, M.~A. and {Paragi}, Z. and {Ransom}, S.~M. and 
  {Scholz}, P. and {Siemion}, A.~P.~V. and {Tendulkar}, S.~P. and 
  {van Rooy}, P. and {Wharton}, R.~S. and {Whitlow}, D.},
    title = "{An extreme magneto-ionic environment associated with the fast radio burst source FRB 121102}",
  journal = {\nat},
archivePrefix = "arXiv",
   eprint = {1801.03965},
 primaryClass = "astro-ph.HE",
     year = 2018,
    month = jan,
   volume = 553,
    pages = {182-185},
      doi = {10.1038/nature25149},
   adsurl = {http://adsabs.harvard.edu/abs/2018Natur.553..182M},
  adsnote = {Provided by the SAO/NASA Astrophysics Data System}
}

@ARTICLE{ravi2017,
   author = {{Ravi}, V.},
    title = "{The observed properties of Fast Radio Bursts}",
  journal = {ArXiv e-prints},
archivePrefix = "arXiv",
   eprint = {1710.08026},
 primaryClass = "astro-ph.HE",
 keywords = {Astrophysics - High Energy Astrophysical Phenomena, Astrophysics - Cosmology and Nongalactic Astrophysics},
     year = 2017,
    month = oct,
   adsurl = {http://adsabs.harvard.edu/abs/2017arXiv171008026R},
  adsnote = {Provided by the SAO/NASA Astrophysics Data System}
}


@ARTICLE{petroff2017VO,
   author = {{Petroff}, E. and {Houben}, L. and {Bannister}, K. and {Burke-Spolaor}, S. and 
  {Cordes}, J. and {Falcke}, H. and {van Haren}, R. and {Karastergiou}, A. and 
  {Kramer}, M. and {Law}, C. and {van Leeuwen}, J. and {Lorimer}, D. and 
  {Martinez-Rubi}, O. and {Rachen}, J. and {Spitler}, L. and {Weltman}, A.
  },
    title = "{VOEvent Standard for Fast Radio Bursts}",
  journal = {ArXiv e-prints},
archivePrefix = "arXiv",
   eprint = {1710.08155},
 primaryClass = "astro-ph.IM",
 keywords = {Astrophysics - Instrumentation and Methods for Astrophysics},
     year = 2017,
    month = oct,
   adsurl = {http://adsabs.harvard.edu/abs/2017arXiv171008155P},
  adsnote = {Provided by the SAO/NASA Astrophysics Data System}
}

@ARTICLE{law2017,
   author = {{Law}, C.~J. and {Abruzzo}, M.~W. and {Bassa}, C.~G. and {Bower}, G.~C. and 
	{Burke-Spolaor}, S. and {Butler}, B.~J. and {Cantwell}, T. and 
	{Carey}, S.~H. and {Chatterjee}, S. and {Cordes}, J.~M. and 
	{Demorest}, P. and {Dowell}, J. and {Fender}, R. and {Gourdji}, K. and 
	{Grainge}, K. and {Hessels}, J.~W.~T. and {Hickish}, J. and 
	{Kaspi}, V.~M. and {Lazio}, T.~J.~W. and {McLaughlin}, M.~A. and 
	{Michilli}, D. and {Mooley}, K. and {Perrott}, Y.~C. and {Ransom}, S.~M. and 
	{Razavi-Ghods}, N. and {Rupen}, M. and {Scaife}, A. and {Scott}, P. and 
	{Scholz}, P. and {Seymour}, A. and {Spitler}, L.~G. and {Stovall}, K. and 
	{Tendulkar}, S.~P. and {Titterington}, D. and {Wharton}, R.~S. and 
	{Williams}, P.~K.~G.},
    title = "{A Multi-telescope Campaign on FRB 121102: Implications for the FRB Population}",
  journal = {\apj},
archivePrefix = "arXiv",
   eprint = {1705.07553},
 primaryClass = "astro-ph.HE",
 keywords = {radio continuum: stars, stars: neutron, supernovae: general, techniques: interferometric },
     year = 2017,
    month = nov,
   volume = 850,
      eid = {76},
    pages = {76},
      doi = {10.3847/1538-4357/aa9700},
   adsurl = {http://cdsads.u-strasbg.fr/abs/2017ApJ...850...76L},
  adsnote = {Provided by the SAO/NASA Astrophysics Data System}
}

@ARTICLE{niino2018,
   author = {{Niino}, Y.},
    title = "{Fast Radio Bursts{\rsquo} Recipes for the Distributions of Dispersion Measures, Flux Densities, and Fluences}",
  journal = {\apj},
archivePrefix = "arXiv",
   eprint = {1801.06578},
 primaryClass = "astro-ph.HE",
 keywords = {intergalactic medium, ISM: general, radio continuum: general},
     year = 2018,
    month = may,
   volume = 858,
      eid = {4},
    pages = {4},
      doi = {10.3847/1538-4357/aab9a9},
   adsurl = {http://adsabs.harvard.edu/abs/2018ApJ...858....4N},
  adsnote = {Provided by the SAO/NASA Astrophysics Data System}
}

@ARTICLE{spitler2016,
   author = {{Spitler}, L.~G. and {Scholz}, P. and {Hessels}, J.~W.~T. and 
	{Bogdanov}, S. and {Brazier}, A. and {Camilo}, F. and {Chatterjee}, S. and 
	{Cordes}, J.~M. and {Crawford}, F. and {Deneva}, J. and {Ferdman}, R.~D. and 
	{Freire}, P.~C.~C. and {Kaspi}, V.~M. and {Lazarus}, P. and 
	{Lynch}, R. and {Madsen}, E.~C. and {McLaughlin}, M.~A. and 
	{Patel}, C. and {Ransom}, S.~M. and {Seymour}, A. and {Stairs}, I.~H. and 
	{Stappers}, B.~W. and {van Leeuwen}, J. and {Zhu}, W.~W.},
    title = "{A repeating fast radio burst}",
  journal = {\nat},
archivePrefix = "arXiv",
   eprint = {1603.00581},
 primaryClass = "astro-ph.HE",
     year = 2016,
    month = mar,
   volume = 531,
    pages = {202-205},
      doi = {10.1038/nature17168},
   adsurl = {http://adsabs.harvard.edu/abs/2016Natur.531..202S},
  adsnote = {Provided by the SAO/NASA Astrophysics Data System}
}


@ARTICLE{caleb2017,
   author = {{Caleb}, M. and {Flynn}, C. and {Bailes}, M. and {Barr}, E.~D. and 
  {Bateman}, T. and {Bhandari}, S. and {Campbell-Wilson}, D. and 
  {Farah}, W. and {Green}, A.~J. and {Hunstead}, R.~W. and {Jameson}, A. and 
  {Jankowski}, F. and {Keane}, E.~F. and {Parthasarathy}, A. and 
  {Ravi}, V. and {Rosado}, P.~A. and {van Straten}, W. and {Venkatraman Krishnan}, V.
  },
    title = "{The first interferometric detections of fast radio bursts}",
  journal = {\mnras},
archivePrefix = "arXiv",
   eprint = {1703.10173},
 primaryClass = "astro-ph.HE",
 keywords = {instrumentation: interferometers, methods: data analysis, surveys, intergalactic medium, radio continuum},
     year = 2017,
    month = jul,
   volume = 468,
    pages = {3746-3756},
      doi = {10.1093/mnras/stx638},
   adsurl = {http://adsabs.harvard.edu/abs/2017MNRAS.468.3746C},
  adsnote = {Provided by the SAO/NASA Astrophysics Data System}
}

@ARTICLE{caleb2016a,
   author = {{Caleb}, M. and {Flynn}, C. and {Bailes}, M. and {Barr}, E.~D. and 
	{Hunstead}, R.~W. and {Keane}, E.~F. and {Ravi}, V. and {van Straten}, W.
	},
    title = "{Are the distributions of fast radio burst properties consistent with a cosmological population?}",
  journal = {\mnras},
archivePrefix = "arXiv",
   eprint = {1512.02738},
 primaryClass = "astro-ph.HE",
 keywords = {methods: data analysis, surveys, pulsars: general, cosmology: miscellaneous},
     year = 2016,
    month = may,
   volume = 458,
    pages = {708-717},
      doi = {10.1093/mnras/stw175},
   adsurl = {http://adsabs.harvard.edu/abs/2016MNRAS.458..708C},
  adsnote = {Provided by the SAO/NASA Astrophysics Data System}
}


@ARTICLE{Gajjar2018,
   author = {{Gajjar}, V. and {Siemion}, A.~P.~V. and {Price}, D.~C. and 
	{Law}, C.~J. and {Michilli}, D. and {Hessels}, J.~W.~T. and 
	{Chatterjee}, S. and {Archibald}, A.~M. and {Bower}, G.~C. and 
	{Brinkman}, C. and {Burke-Spolaor}, S. and {Cordes}, J.~M. and 
	{Croft}, S. and {Enriquez}, J.~E. and {Foster}, G. and {Gizani}, N. and 
	{Hellbourg}, G. and {Isaacson}, H. and {Kaspi}, V.~M. and {Lazio}, T.~J.~W. and 
	{Lebofsky}, M. and {Lynch}, R.~S. and {MacMahon}, D. and {McLaughlin}, M.~A. and 
	{Ransom}, S.~M. and {Scholz}, P. and {Seymour}, A. and {Spitler}, L.~G. and 
	{Tendulkar}, S.~P. and {Werthimer}, D. and {Zhang}, Y.~G.},
    title = "{Highest Frequency Detection of FRB 121102 at 4-8 GHz Using the Breakthrough Listen Digital Backend at the Green Bank Telescope}",
  journal = {\apj},
archivePrefix = "arXiv",
   eprint = {1804.04101},
 primaryClass = "astro-ph.HE",
 keywords = {radio continuum: stars, stars: neutron, supernovae: general},
     year = 2018,
    month = aug,
   volume = 863,
      eid = {2},
    pages = {2},
      doi = {10.3847/1538-4357/aad005},
   adsurl = {http://adsabs.harvard.edu/abs/2018ApJ...863....2G},
  adsnote = {Provided by the SAO/NASA Astrophysics Data System}
}

@ARTICLE{piro2016,
       author = {{Piro}, Anthony L.},
        title = "{The Impact of a Supernova Remnant on Fast Radio Bursts}",
      journal = {\apjl},
     keywords = {pulsars: general, radio continuum: general, stars: magnetic field, stars: neutron, Astrophysics - High Energy Astrophysical Phenomena},
         year = "2016",
        month = "Jun",
       volume = {824},
       number = {2},
          eid = {L32},
        pages = {L32},
          doi = {10.3847/2041-8205/824/2/L32},
archivePrefix = {arXiv},
       eprint = {1604.04909},
 primaryClass = {astro-ph.HE},
       adsurl = {https://ui.adsabs.harvard.edu/abs/2016ApJ...824L..32P},
      adsnote = {Provided by the SAO/NASA Astrophysics Data System}
}

@ARTICLE{margalit18,
       author = {{Margalit}, Ben and {Metzger}, Brian D.},
        title = "{A Concordance Picture of FRB 121102 as a Flaring Magnetar Embedded in a Magnetized Ion-Electron Wind Nebula}",
      journal = {\apjl},
     keywords = {stars: magnetars, Astrophysics - High Energy Astrophysical Phenomena},
         year = "2018",
        month = "Nov",
       volume = {868},
       number = {1},
          eid = {L4},
        pages = {L4},
          doi = {10.3847/2041-8213/aaedad},
archivePrefix = {arXiv},
       eprint = {1808.09969},
 primaryClass = {astro-ph.HE},
       adsurl = {https://ui.adsabs.harvard.edu/abs/2018ApJ...868L...4M},
      adsnote = {Provided by the SAO/NASA Astrophysics Data System}
}

@ARTICLE{murase16,
       author = {{Murase}, Kohta and {Kashiyama}, Kazumi and {M{\'e}sz{\'a}ros}, Peter},
        title = "{A burst in a wind bubble and the impact on baryonic ejecta: high-energy gamma-ray flashes and afterglows from fast radio bursts and pulsar-driven supernova remnants}",
      journal = {\mnras},
     keywords = {radiation mechanisms: non-thermal, stars: magnetars, stars: neutron, white dwarfs, Astrophysics - High Energy Astrophysical Phenomena, Astrophysics - Cosmology and Nongalactic Astrophysics},
         year = "2016",
        month = "Sep",
       volume = {461},
       number = {2},
        pages = {1498-1511},
          doi = {10.1093/mnras/stw1328},
archivePrefix = {arXiv},
       eprint = {1603.08875},
 primaryClass = {astro-ph.HE},
       adsurl = {https://ui.adsabs.harvard.edu/abs/2016MNRAS.461.1498M},
      adsnote = {Provided by the SAO/NASA Astrophysics Data System}
}

@ARTICLE{walters-2018,
       author = {{Walters}, Anthony and {Weltman}, Amanda and {Gaensler}, B.~M. and
         {Ma}, Yin-Zhe and {Witzemann}, Amadeus},
        title = "{Future Cosmological Constraints From Fast Radio Bursts}",
      journal = {\apj},
     keywords = {cosmological parameters, cosmology: theory, dark energy, radio continuum: general, Astrophysics - Cosmology and Nongalactic Astrophysics},
         year = "2018",
        month = "Mar",
       volume = {856},
       number = {1},
          eid = {65},
        pages = {65},
          doi = {10.3847/1538-4357/aaaf6b},
archivePrefix = {arXiv},
       eprint = {1711.11277},
 primaryClass = {astro-ph.CO},
       adsurl = {https://ui.adsabs.harvard.edu/abs/2018ApJ...856...65W},
      adsnote = {Provided by the SAO/NASA Astrophysics Data System}
}



@ARTICLE{chime2020-repeaters,
       author = {{Fonseca}, E. and {Andersen}, B.~C. and {Bhardwaj}, M. and {Chawla}, P. and
         {Good}, D.~C. and {Josephy}, A. and {Kaspi}, V.~M. and {Masui}, K.~W. and
         {Mckinven}, R. and {Michilli}, D. and {Pleunis}, Z. and {Shin}, K. and
         {Tendulkar}, S.~P. and {Bandura}, K.~M. and {Boyle}, P.~J. and
         {Brar}, C. and {Cassanelli}, T. and {Cubranic}, D. and {Dobbs}, M. and
         {Dong}, F.~Q. and {Gaensler}, B.~M. and {Hinshaw}, G. and {Land
        ecker}, T.~L. and {Leung}, C. and {Li}, D.~Z. and {Lin}, H. -H. and
         {Mena-Parra}, J. and {Merryfield}, M. and {Naidu}, A. and {Ng}, C. and
         {Patel}, C. and {Pen}, U. and {Rafiei-Ravandi}, M. and {Rahman}, M. and
         {Ransom}, S.~M. and {Scholz}, P. and {Smith}, K.~M. and
         {Stairs}, I.~H. and {Vanderlinde}, K. and {Yadav}, P. and
         {Zwaniga}, A.~V.},
        title = "{Nine New Repeating Fast Radio Burst Sources from CHIME/FRB}",
      journal = {arXiv e-prints},
     keywords = {Astrophysics - High Energy Astrophysical Phenomena},
         year = "2020",
        month = "Jan",
          eid = {arXiv:2001.03595},
        pages = {arXiv:2001.03595},
archivePrefix = {arXiv},
       eprint = {2001.03595},
 primaryClass = {astro-ph.HE},
       adsurl = {https://ui.adsabs.harvard.edu/abs/2020arXiv200103595F},
      adsnote = {Provided by the SAO/NASA Astrophysics Data System}
}

@ARTICLE{munoz2016,
       author = {{Mu{\~n}oz}, Julian B. and {Kovetz}, Ely D. and {Dai}, Liang and
         {Kamionkowski}, Marc},
        title = "{Lensing of Fast Radio Bursts as a Probe of Compact Dark Matter}",
      journal = {\prl},
     keywords = {Astrophysics - Cosmology and Nongalactic Astrophysics, Astrophysics - High Energy Astrophysical Phenomena, High Energy Physics - Phenomenology},
         year = "2016",
        month = "Aug",
       volume = {117},
       number = {9},
          eid = {091301},
        pages = {091301},
          doi = {10.1103/PhysRevLett.117.091301},
archivePrefix = {arXiv},
       eprint = {1605.00008},
 primaryClass = {astro-ph.CO},
       adsurl = {https://ui.adsabs.harvard.edu/abs/2016PhRvL.117i1301M},
      adsnote = {Provided by the SAO/NASA Astrophysics Data System}
}


@ARTICLE{price2019,
       author = {{Price}, D.~C. and {Foster}, G. and {Geyer}, M. and {van Straten}, W. and
         {Gajjar}, V. and {Hellbourg}, G. and {Karastergiou}, A. and
         {Keane}, E.~F. and {Siemion}, A.~P.~V. and {Arcavi}, I. and {Bhat}, R. and
         {Caleb}, M. and {Chang}, S. -W. and {Croft}, S. and {DeBoer}, D. and
         {de Pater}, I. and {Drew}, J. and {Enriquez}, J.~E. and {Farah}, W. and
         {Gizani}, N. and {Green}, J.~A. and {Isaacson}, H. and {Hickish}, J. and
         {Jameson}, A. and {Lebofsky}, M. and {MacMahon}, D.~H.~E. and
         {M{\"o}ller}, A. and {Onken}, C.~A. and {Petroff}, E. and
         {Werthimer}, D. and {Wolf}, C. and {Worden}, S.~P. and {Zhang}, Y.~G.},
        title = "{A fast radio burst with frequency-dependent polarization detected during Breakthrough Listen observations}",
      journal = {\mnras},
     keywords = {methods: data analysis, methods: observational, Astrophysics - High Energy Astrophysical Phenomena},
         year = "2019",
        month = "Jul",
       volume = {486},
       number = {3},
        pages = {3636-3646},
          doi = {10.1093/mnras/stz958},
archivePrefix = {arXiv},
       eprint = {1901.07412},
 primaryClass = {astro-ph.HE},
       adsurl = {https://ui.adsabs.harvard.edu/abs/2019MNRAS.486.3636P},
      adsnote = {Provided by the SAO/NASA Astrophysics Data System}
}

@ARTICLE{oppermann-2018,
       author = {{Oppermann}, Niels and {Yu}, Hao-Ran and {Pen}, Ue-Li},
        title = "{On the non-Poissonian repetition pattern of FRB121102}",
      journal = {\mnras},
     keywords = {methods: statistical, pulsars: general, Astrophysics - High Energy Astrophysical Phenomena},
         year = "2018",
        month = "Apr",
       volume = {475},
       number = {4},
        pages = {5109-5115},
          doi = {10.1093/mnras/sty004},
archivePrefix = {arXiv},
       eprint = {1705.04881},
 primaryClass = {astro-ph.HE},
       adsurl = {https://ui.adsabs.harvard.edu/abs/2018MNRAS.475.5109O},
      adsnote = {Provided by the SAO/NASA Astrophysics Data System}
}

@ARTICLE{piro-2018,
       author = {{Piro}, Anthony L. and {Gaensler}, B.~M.},
        title = "{The Dispersion and Rotation Measure of Supernova Remnants and Magnetized Stellar Winds: Application to Fast Radio Bursts}",
      journal = {\apj},
     keywords = {ISM: supernova remnants, pulsars: general, radio continuum: general, stars: magnetic field, stars: neutron, Astrophysics - High Energy Astrophysical Phenomena},
         year = "2018",
        month = "Jul",
       volume = {861},
       number = {2},
          eid = {150},
        pages = {150},
          doi = {10.3847/1538-4357/aac9bc},
archivePrefix = {arXiv},
       eprint = {1804.01104},
 primaryClass = {astro-ph.HE},
       adsurl = {https://ui.adsabs.harvard.edu/abs/2018ApJ...861..150P},
      adsnote = {Provided by the SAO/NASA Astrophysics Data System}
}




@ARTICLE{vedantham2016,
   author = {{Vedantham}, H.~K. and {Ravi}, V. and {Hallinan}, G. and {Shannon}, R.~M.
  },
    title = "{The Fluence and Distance Distributions of Fast Radio Bursts}",
  journal = {\apj},
archivePrefix = "arXiv",
   eprint = {1606.06795},
 primaryClass = "astro-ph.HE",
 keywords = {cosmology: observations, extraterrestrial intelligence, methods: statistical, radio continuum: general},
     year = 2016,
    month = oct,
   volume = 830,
      eid = {75},
    pages = {75},
      doi = {10.3847/0004-637X/830/2/75},
   adsurl = {http://adsabs.harvard.edu/abs/2016ApJ...830...75V},
  adsnote = {Provided by the SAO/NASA Astrophysics Data System}
}


@ARTICLE{2014ApJ...792...19B,
   author = {{Burke-Spolaor}, S. and {Bannister}, K.~W.},
    title = "{The Galactic Position Dependence of Fast Radio Bursts and the Discovery of FRB011025}",
  journal = {\apj},
archivePrefix = "arXiv",
   eprint = {1407.0400},
 primaryClass = "astro-ph.HE",
 keywords = {pulsars: general, radio continuum: general },
     year = 2014,
    month = sep,
   volume = 792,
      eid = {19},
    pages = {19},
      doi = {10.1088/0004-637X/792/1/19},
   adsurl = {http://adsabs.harvard.edu/abs/2014ApJ...792...19B},
  adsnote = {Provided by the SAO/NASA Astrophysics Data System}
}

@ARTICLE{schmidt-1968,
   author = {{Schmidt}, M.},
    title = "{Space Distribution and Luminosity Functions of Quasi-Stellar Radio Sources}",
  journal = {\apj},
     year = 1968,
    month = feb,
   volume = 151,
    pages = {393},
      doi = {10.1086/149446},
   adsurl = {http://adsabs.harvard.edu/abs/1968ApJ...151..393S},
  adsnote = {Provided by the SAO/NASA Astrophysics Data System}
}

@ARTICLE{mao92,
   author = {{Mao}, S. and {Paczynski}, B.},
    title = "{On the cosmological origin of gamma-ray bursts}",
  journal = {\apjl},
 keywords = {Astronomical Models, Gamma Ray Bursts, Gamma Ray Observatory, Pioneer Venus Spacecraft, Red Shift, Stellar Luminosity},
     year = 1992,
    month = apr,
   volume = 388,
    pages = {L45-L48},
      doi = {10.1086/186326},
   adsurl = {http://adsabs.harvard.edu/abs/1992ApJ...388L..45M},
  adsnote = {Provided by the SAO/NASA Astrophysics Data System}
}


@ARTICLE{connorgbt,
   author = {{Connor}, L. and {Lin}, H.-H. and {Masui}, K. and {Oppermann}, N. and 
  {Pen}, U.-L. and {Peterson}, J.~B. and {Roman}, A. and {Sievers}, J.
  },
    title = "{Constraints on the FRB rate at 700-900 MHz}",
  journal = {\mnras},
archivePrefix = "arXiv",
   eprint = {1602.07292},
 primaryClass = "astro-ph.HE",
 keywords = {methods: statistical, pulsars: general},
     year = 2016,
    month = jul,
   volume = 460,
    pages = {1054-1058},
      doi = {10.1093/mnras/stw907},
   adsurl = {http://adsabs.harvard.edu/abs/2016MNRAS.460.1054C},
  adsnote = {Provided by the SAO/NASA Astrophysics Data System}
}

@ARTICLE{Oppermann16,
   author = {{Oppermann}, N. and {Connor}, L.~D. and {Pen}, U.-L.},
    title = "{The Euclidean distribution of fast radio bursts}",
  journal = {\mnras},
archivePrefix = "arXiv",
   eprint = {1604.03909},
 primaryClass = "astro-ph.HE",
 keywords = {methods: statistical, pulsars: general},
     year = 2016,
    month = sep,
   volume = 461,
    pages = {984-987},
      doi = {10.1093/mnras/stw1401},
   adsurl = {http://adsabs.harvard.edu/abs/2016MNRAS.461..984O},
  adsnote = {Provided by the SAO/NASA Astrophysics Data System}
}


@ARTICLE{atnf,
   author = {{Manchester}, R.~N. and {Hobbs}, G.~B. and {Teoh}, A. and {Hobbs}, M.
  },
    title = "{The Australia Telescope National Facility Pulsar Catalogue}",
  journal = {\aj},
   eprint = {astro-ph/0412641},
 keywords = {Catalogs, Stars: Pulsars: General},
     year = 2005,
    month = apr,
   volume = 129,
    pages = {1993-2006},
      doi = {10.1086/428488},
   adsurl = {http://adsabs.harvard.edu/abs/2005AJ....129.1993M},
  adsnote = {Provided by the SAO/NASA Astrophysics Data System}
}


@INPROCEEDINGS{2014SPIE.9145E..22B,
   author = {{Bandura}, K. et al},
    title = "{Canadian Hydrogen Intensity Mapping Experiment (CHIME) pathfinder}",
booktitle = {Society of Photo-Optical Instrumentation Engineers (SPIE) Conference Series},
     year = 2014,
   series = {Society of Photo-Optical Instrumentation Engineers (SPIE) Conference Series},
   volume = 9145,
archivePrefix = "arXiv",
   eprint = {1406.2288},
 primaryClass = "astro-ph.IM",
    month = jul,
      eid = {914522},
    pages = {22},
      doi = {10.1117/12.2054950},
   adsurl = {http://adsabs.harvard.edu/abs/2014SPIE.9145E..22B},
  adsnote = {Provided by the SAO/NASA Astrophysics Data System}
}

@INPROCEEDINGS{2014SPIE.9145E..4VN,
   author = {{Newburgh}, L.~B. and {Addison}, G.~E. and {Amiri}, M. and {Bandura}, K. and 
  {Bond}, J.~R. and {Connor}, L. and {Cliche}, J.-F. and {Davis}, G. and 
  {Deng}, M. and {Denman}, N. and {Dobbs}, M. and {Fandino}, M. and 
  {Fong}, H. and {Gibbs}, K. and {Gilbert}, A. and {Griffin}, E. and 
  {Halpern}, M. and {Hanna}, D. and {Hincks}, A.~D. and {Hinshaw}, G. and 
  {H{\"o}fer}, C. and {Klages}, P. and {Landecker}, T. and {Masui}, K. and 
  {Parra}, J.~M. and {Pen}, U.-L. and {Peterson}, J. and {Recnik}, A. and 
  {Shaw}, J.~R. and {Sigurdson}, K. and {Sitwell}, M. and {Smecher}, G. and 
  {Smegal}, R. and {Vanderlinde}, K. and {Wiebe}, D.},
    title = "{Calibrating CHIME: a new radio interferometer to probe dark energy}",
booktitle = {Ground-based and Airborne Telescopes V},
     year = 2014,
   series = {\procspie},
   volume = 9145,
archivePrefix = "arXiv",
   eprint = {1406.2267},
 primaryClass = "astro-ph.IM",
    month = jul,
      eid = {91454V},
    pages = {91454V},
      doi = {10.1117/12.2056962},
   adsurl = {http://adsabs.harvard.edu/abs/2014SPIE.9145E..4VN},
  adsnote = {Provided by the SAO/NASA Astrophysics Data System}
}

@ARTICLE{2015PhRvD..91h3514S,
   author = {{Shaw}, J.~R. and {Sigurdson}, K. and {Sitwell}, M. and {Stebbins}, A. and 
  {Pen}, U.-L.},
    title = "{Coaxing cosmic 21 cm fluctuations from the polarized sky using m -mode analysis}",
  journal = {\prd},
archivePrefix = "arXiv",
   eprint = {1401.2095},
 keywords = {Cosmology, Observational cosmology},
     year = 2015,
    month = apr,
   volume = 91,
   number = 8,
      eid = {083514},
    pages = {083514},
      doi = {10.1103/PhysRevD.91.083514},
   adsurl = {http://adsabs.harvard.edu/abs/2015PhRvD..91h3514S},
  adsnote = {Provided by the SAO/NASA Astrophysics Data System}
}

@INPROCEEDINGS{berger16,
   author = {{Berger}, P. and {Newburgh}, L.~B. and {Amiri}, M. and {Bandura}, K. and 
  {Cliche}, J.-F. and {Connor}, L. and {Deng}, M. and {Denman}, N. and 
  {Dobbs}, M. and {Fandino}, M. and {Gilbert}, A.~J. and {Good}, D. and 
  {Halpern}, M. and {Hanna}, D. and {Hincks}, A.~D. and {Hinshaw}, G. and 
  {H{\"o}fer}, C. and {Johnson}, A.~M. and {Landecker}, T.~L. and 
  {Masui}, K.~W. and {Mena Parra}, J. and {Oppermann}, N. and 
  {Pen}, U.-L. and {Peterson}, J.~B. and {Recnik}, A. and {Robishaw}, T. and 
  {Shaw}, J.~R. and {Siegel}, S. and {Sigurdson}, K. and {Smith}, K. and 
  {Storer}, E. and {Tretyakov}, I. and {Van Gassen}, K. and {Vanderlinde}, K. and 
  {Wiebe}, D.},
    title = "{Holographic beam mapping of the CHIME pathfinder array}",
booktitle = {Society of Photo-Optical Instrumentation Engineers (SPIE) Conference Series},
     year = 2016,
   series = {\procspie},
   volume = 9906,
archivePrefix = "arXiv",
   eprint = {1607.01473},
 primaryClass = "astro-ph.IM",
    month = aug,
      eid = {99060D},
    pages = {99060D},
      doi = {10.1117/12.2233782},
   adsurl = {http://adsabs.harvard.edu/abs/2016SPIE.9906E..0DB},
  adsnote = {Provided by the SAO/NASA Astrophysics Data System}
}


@ARTICLE{2015arXiv150306189R,
   author = {{Recnik}, A. and {Bandura}, K. and {Denman}, N. and {Hincks}, A.~D. and 
  {Hinshaw}, G. and {Klages}, P. and {Pen}, U.-L. and {Vanderlinde}, K.
  },
    title = "{An Efficient Real-time Data Pipeline for the CHIME Pathfinder Radio Telescope X-Engine}",
  journal = {ArXiv e-prints},
archivePrefix = "arXiv",
   eprint = {1503.06189},
 primaryClass = "astro-ph.IM",
 keywords = {Astrophysics - Instrumentation and Methods for Astrophysics},
     year = 2015,
    month = mar,
   adsurl = {http://adsabs.harvard.edu/abs/2015arXiv150306189R},
  adsnote = {Provided by the SAO/NASA Astrophysics Data System}
}

@ARTICLE{2015arXiv150306202D,
   author = {{Denman}, N. and {Amiri}, M. and {Bandura}, K. and {Cliche}, J.-F. and 
  {Connor}, L. and {Dobbs}, M. and {Fandino}, M. and {Halpern}, M. and 
  {Hincks}, A. and {Hinshaw}, G. and {H{\"o}fer}, C. and {Klages}, P. and 
  {Masui}, K. and {Mena Parra}, J. and {Newburgh}, L. and {Recnik}, A. and 
  {Shaw}, J.~R. and {Sigurdson}, K. and {Smith}, K. and {Vanderlinde}, K.
  },
    title = "{A GPU-based Correlator X-engine Implemented on the CHIME Pathfinder}",
  journal = {ArXiv e-prints},
archivePrefix = "arXiv",
   eprint = {1503.06202},
 primaryClass = "astro-ph.IM",
 keywords = {Astrophysics - Instrumentation and Methods for Astrophysics},
     year = 2015,
    month = mar,
   adsurl = {http://adsabs.harvard.edu/abs/2015arXiv150306202D},
  adsnote = {Provided by the SAO/NASA Astrophysics Data System}
}



@ARTICLE{2018MNRAS.474.4571T,
   author = {{Tan}, C.~M. and {Lyon}, R.~J. and {Stappers}, B.~W. and {Cooper}, S. and 
	{Hessels}, J.~W.~T. and {Kondratiev}, V.~I. and {Michilli}, D. and 
	{Sanidas}, S.},
    title = "{Ensemble candidate classification for the LOTAAS pulsar survey}",
  journal = {\mnras},
 keywords = {pulsars: general, methods: data analysis, methods: statistical},
     year = 2018,
    month = mar,
   volume = 474,
    pages = {4571-4583},
      doi = {10.1093/mnras/stx3047},
   adsurl = {http://adsabs.harvard.edu/abs/2018MNRAS.474.4571T},
  adsnote = {Provided by the SAO/NASA Astrophysics Data System}
}


@ARTICLE{2016MNRAS.459.1104L,
   author = {{Lyon}, R.~J. and {Stappers}, B.~W. and {Cooper}, S. and {Brooke}, J.~M. and 
	{Knowles}, J.~D.},
    title = "{Fifty Years of Pulsar Candidate Selection: From simple filters to a new principled real-time classification approach}",
  journal = {\mnras},
archivePrefix = "arXiv",
   eprint = {1603.05166},
 primaryClass = "astro-ph.IM",
 keywords = {pulsars: general, methods: statistical, methods: data analysis},
     year = 2016,
    month = jun,
   volume = 459,
      doi = {10.1093/mnras/stw656},
   adsurl = {http://adsabs.harvard.edu/abs/2016MNRAS.459.1104L},
  adsnote = {Provided by the SAO/NASA Astrophysics Data System}
}

@ARTICLE{ls10,
   author = {{van Leeuwen}, J. and {Stappers}, B.~W.},
    title = "{Finding pulsars with LOFAR}",
  journal = {\aap},
archivePrefix = "arXiv",
   eprint = {0910.5118},
 keywords = {pulsars: general, telescopes, instrumentation: interferometers},
     year = 2010,
    month = jan,
   volume = 509,
   number = 26,
    pages = {7},
      doi = {10.1051/0004-6361/200913121},
   adsurl = {http://adsabs.harvard.edu/abs/2010A%26A...509A...7V},
  adsnote = {Provided by the SAO/NASA Astrophysics Data System}
}

@article{mhb+18,
   author = {{Michilli}, D. and {Hessels}, J.~W.~T. and {Lyon}, R.~J. and 
	{Tan}, C.~M. and {Bassa}, C. and {Cooper}, S. and {Kondratiev}, V.~I. and 
	{Sanidas}, S. and {Stappers}, B.~W. and {van Leeuwen}, J.},
    title = "{Single-pulse classifier for the LOFAR Tied-Array All-sky Survey}",
  journal = {\mnras},
archivePrefix = "arXiv",
   eprint = {1808.05424},
 primaryClass = "astro-ph.IM",
 keywords = {pulsars: general, surveys, methods: data analysis, methods: statistical},
     year = 2018,
    month = aug,
      doi = {10.1093/mnras/sty2072},
   adsurl = {http://adsabs.harvard.edu/abs/2018MNRAS.tmp.1998M},
  adsnote = {Provided by the SAO/NASA Astrophysics Data System}
}

@ARTICLE{shannon2018,
   author = {{Shannon}, R.~M. and {Macquart}, J.-P. and {Bannister}, K.~W. and 
	{Ekers}, R.~D. and {James}, C.~W. and {Os{\l}owski}, S. and 
	{Qiu}, H. and {Sammons}, M. and {Hotan}, A.~W. and {Voronkov}, M.~A. and 
	{Beresford}, R.~J. and {Brothers}, M. and {Brown}, A.~J. and 
	{Bunton}, J.~D. and {Chippendale}, A.~P. and {Haskins}, C. and 
	{Leach}, M. and {Marquarding}, M. and {McConnell}, D. and {Pilawa}, M.~A. and 
	{Sadler}, E.~M. and {Troup}, E.~R. and {Tuthill}, J. and {Whiting}, M.~T. and 
	{Allison}, J.~R. and {Anderson}, C.~S. and {Bell}, M.~E. and 
	{Collier}, J.~D. and {G{\"u}rkan}, G. and {Heald}, G. and {Riseley}, C.~J.
	},
    title = "{The dispersion-brightness relation for fast radio bursts from a wide-field survey}",
  journal = {\nat},
     year = 2018,
    month = oct,
   volume = 562,
    pages = {386-390},
      doi = {10.1038/s41586-018-0588-y},
   adsurl = {http://adsabs.harvard.edu/abs/2018Natur.562..386S},
  adsnote = {Provided by the SAO/NASA Astrophysics Data System}
}

@ARTICLE{hankins2003,
   author = {{Hankins}, T.~H. and {Kern}, J.~S. and {Weatherall}, J.~C. and 
	{Eilek}, J.~A.},
    title = "{Nanosecond radio bursts from strong plasma turbulence in the Crab pulsar}",
  journal = {\nat},
     year = 2003,
    month = mar,
   volume = 422,
    pages = {141-143},
      doi = {10.1038/nature01477},
   adsurl = {http://adsabs.harvard.edu/abs/2003Natur.422..141H},
  adsnote = {Provided by the SAO/NASA Astrophysics Data System}
}

@ARTICLE{masui2015a,
   author = {{Masui}, K.~W. and {Sigurdson}, K.},
    title = "{Dispersion Distance and the Matter Distribution of the Universe in Dispersion Space}",
  journal = {Physical Review Letters},
archivePrefix = "arXiv",
   eprint = {1506.01704},
 keywords = {Distances redshifts radial velocities, spatial distribution of galaxies, Time series analysis time variability, Radio microwave, Intergalactic matter, quasar absorption and emission-line systems, Lyman forest},
     year = 2015,
    month = sep,
   volume = 115,
   number = 12,
      eid = {121301},
    pages = {121301},
      doi = {10.1103/PhysRevLett.115.121301},
   adsurl = {http://adsabs.harvard.edu/abs/2015PhRvL.115l1301M},
  adsnote = {Provided by the SAO/NASA Astrophysics Data System}
}


@ARTICLE{mcquinn2014,
   author = {{McQuinn}, M.},
    title = "{Locating the ``Missing'' Baryons with Extragalactic Dispersion Measure Estimates}",
  journal = {\apjl},
archivePrefix = "arXiv",
   eprint = {1309.4451},
 keywords = {cosmology: theory, intergalactic medium, large-scale structure of universe, radio continuum: general},
     year = 2014,
    month = jan,
   volume = 780,
      eid = {L33},
    pages = {L33},
      doi = {10.1088/2041-8205/780/2/L33},
   adsurl = {http://adsabs.harvard.edu/abs/2014ApJ...780L..33M},
  adsnote = {Provided by the SAO/NASA Astrophysics Data System}
}


@ARTICLE{Madhavacheril2019,
   author = {{Madhavacheril}, M.~S. and {Battaglia}, N. and {Smith}, K.~M. and 
	{Sievers}, J.~L.},
    title = "{Cosmology with kSZ: breaking the optical depth degeneracy with Fast Radio Bursts}",
  journal = {arXiv e-prints},
archivePrefix = "arXiv",
   eprint = {1901.02418},
 keywords = {Astrophysics - Cosmology and Nongalactic Astrophysics},
     year = 2019,
    month = jan,
   adsurl = {http://adsabs.harvard.edu/abs/2019arXiv190102418M},
  adsnote = {Provided by the SAO/NASA Astrophysics Data System}
}


@ARTICLE{sokolowski2018,
   author = {{Sokolowski}, M. and {Bhat}, N.~D.~R. and {Macquart}, J.-P. and 
	{Shannon}, R.~M. and {Bannister}, K.~W. and {Ekers}, R.~D. and 
	{Scott}, D.~R. and {Beardsley}, A.~P. and {Crosse}, B. and {Emrich}, D. and 
	{Franzen}, T.~M.~O. and {Gaensler}, B.~M. and {Horsley}, L. and 
	{Johnston-Hollitt}, M. and {Kaplan}, D.~L. and {Kenney}, D. and 
	{Morales}, M.~F. and {Pallot}, D. and {Sleap}, G. and {Steele}, K. and 
	{Tingay}, S.~J. and {Trott}, C.~M. and {Walker}, M. and {Wayth}, R.~B. and 
	{Williams}, A. and {Wu}, C.},
    title = "{No Low-frequency Emission from Extremely Bright Fast Radio Bursts}",
  journal = {\apjl},
archivePrefix = "arXiv",
   eprint = {1810.04355},
 primaryClass = "astro-ph.HE",
 keywords = {instrumentation: interferometers, methods: data analysis, radiation mechanisms: non-thermal, surveys },
     year = 2018,
    month = nov,
   volume = 867,
      eid = {L12},
    pages = {L12},
      doi = {10.3847/2041-8213/aae58d},
   adsurl = {http://adsabs.harvard.edu/abs/2018ApJ...867L..12S},
  adsnote = {Provided by the SAO/NASA Astrophysics Data System}
}

@ARTICLE{tingay2015,
   author = {{Tingay}, S.~J. and {Trott}, C.~M. and {Wayth}, R.~B. and {Bernardi}, G. and 
	{Bowman}, J.~D. and {Briggs}, F. and {Cappallo}, R.~J. and {Deshpande}, A.~A. and 
	{Feng}, L. and {Gaensler}, B.~M. and {Greenhill}, L.~J. and 
	{Hancock}, P.~J. and {Hazelton}, B.~J. and {Johnston-Hollitt}, M. and 
	{Kaplan}, D.~L. and {Lonsdale}, C.~J. and {McWhirter}, S.~R. and 
	{Mitchell}, D.~A. and {Morales}, M.~F. and {Morgan}, E. and 
	{Murphy}, T. and {Oberoi}, D. and {Prabu}, T. and {Udaya Shankar}, N. and 
	{Srivani}, K.~S. and {Subrahmanyan}, R. and {Webster}, R.~L. and 
	{Williams}, A. and {Williams}, C.~L.},
    title = "{A Search for Fast Radio Bursts at Low Frequencies with Murchison Widefield Array High Time Resolution Imaging}",
  journal = {\aj},
archivePrefix = "arXiv",
   eprint = {1511.02985},
 keywords = {instrumentation: interferometers, ISM: structure, methods: observational, radio continuum: general, techniques: image processing},
     year = 2015,
    month = dec,
   volume = 150,
      eid = {199},
    pages = {199},
      doi = {10.1088/0004-6256/150/6/199},
   adsurl = {http://adsabs.harvard.edu/abs/2015AJ....150..199T},
  adsnote = {Provided by the SAO/NASA Astrophysics Data System}
}


@ARTICLE{cordes2016,
   author = {{Cordes}, J.~M. and {Wasserman}, I.},
    title = "{Supergiant pulses from extragalactic neutron stars}",
  journal = {\mnras},
archivePrefix = "arXiv",
   eprint = {1501.00753},
 primaryClass = "astro-ph.HE",
 keywords = {gravitational lensing: micro, relativistic processes, stars: neutron},
     year = 2016,
    month = mar,
   volume = 457,
    pages = {232-257},
      doi = {10.1093/mnras/stv2948},
   adsurl = {http://adsabs.harvard.edu/abs/2016MNRAS.457..232C},
  adsnote = {Provided by the SAO/NASA Astrophysics Data System}
}

@ARTICLE{mckee2018,
   author = {{McKee}, J.~W. and {Stappers}, B.~W. and {Bassa}, C.~G. and 
	{Chen}, S. and {Cognard}, I. and {Gaikwad}, M. and {Janssen}, G.~H. and 
	{Karuppusamy}, R. and {Kramer}, M. and {Lee}, K.~J. and {Liu}, K. and 
	{Perrodin}, D. and {Sanidas}, S.~A. and {Smits}, R. and {Wang}, L. and 
	{Zhu}, W.~W.},
    title = "{A detailed study of giant pulses from PSR B1937+21 using the Large European Array for Pulsars}",
  journal = {\mnras},
archivePrefix = "arXiv",
   eprint = {1811.02856},
 primaryClass = "astro-ph.HE",
 keywords = {pulsars:general, pulsars:individual (PSR B1937+21), pulsars:individual (PSR J1939+2134), stars:neutron, stars:rotation, radiation mechanisms: non-thermal},
     year = 2018,
    month = nov,
      doi = {10.1093/mnras/sty3058},
   adsurl = {http://adsabs.harvard.edu/abs/2018MNRAS.tmp.2917M},
  adsnote = {Provided by the SAO/NASA Astrophysics Data System}
}


@ARTICLE{rowlinson2016,
   author = {{Rowlinson}, A. and {Bell}, M.~E. and {Murphy}, T. and {Trott}, C.~M. and 
	{Hurley-Walker}, N. and {Johnston}, S. and {Tingay}, S.~J. and 
	{Kaplan}, D.~L. and {Carbone}, D. and {Hancock}, P.~J. and {Feng}, L. and 
	{Offringa}, A.~R. and {Bernardi}, G. and {Bowman}, J.~D. and 
	{Briggs}, F. and {Cappallo}, R.~J. and {Deshpande}, A.~A. and 
	{Gaensler}, B.~M. and {Greenhill}, L.~J. and {Hazelton}, B.~J. and 
	{Johnston-Hollitt}, M. and {Lonsdale}, C.~J. and {McWhirter}, S.~R. and 
	{Mitchell}, D.~A. and {Morales}, M.~F. and {Morgan}, E. and 
	{Oberoi}, D. and {Ord}, S.~M. and {Prabu}, T. and {Udaya Shankar}, N. and 
	{Srivani}, K.~S. and {Subrahmanyan}, R. and {Wayth}, R.~B. and 
	{Webster}, R.~L. and {Williams}, A. and {Williams}, C.~L.},
    title = "{Limits on Fast Radio Bursts and other transient sources at 182 MHz using the Murchison Widefield Array}",
  journal = {\mnras},
archivePrefix = "arXiv",
   eprint = {1602.07544},
 primaryClass = "astro-ph.HE",
 keywords = {instrumentation: interferometers, techniques: image processing, catalogues, radio continuum: general},
     year = 2016,
    month = jun,
   volume = 458,
    pages = {3506-3522},
      doi = {10.1093/mnras/stw451},
   adsurl = {http://adsabs.harvard.edu/abs/2016MNRAS.458.3506R},
  adsnote = {Provided by the SAO/NASA Astrophysics Data System}
}

@ARTICLE{madau2014,
   author = {{Madau}, P. and {Dickinson}, M.},
    title = "{Cosmic Star-Formation History}",
  journal = {\araa},
archivePrefix = "arXiv",
   eprint = {1403.0007},
     year = 2014,
    month = aug,
   volume = 52,
    pages = {415-486},
      doi = {10.1146/annurev-astro-081811-125615},
   adsurl = {http://adsabs.harvard.edu/abs/2014ARA%26A..52..415M},
  adsnote = {Provided by the SAO/NASA Astrophysics Data System}
}


@ARTICLE{karastergiou2015, 
   author = {{Karastergiou}, A. and {Chennamangalam}, J. and {Armour}, W. and 
	{Williams}, C. and {Mort}, B. and {Dulwich}, F. and {Salvini}, S. and 
	{Magro}, A. and {Roberts}, S. and {Serylak}, M. and {Doo}, A. and 
	{Bilous}, A.~V. and {Breton}, R.~P. and {Falcke}, H. and {Grie{\ss}meier}, J.-M. and 
	{Hessels}, J.~W.~T. and {Keane}, E.~F. and {Kondratiev}, V.~I. and 
	{Kramer}, M. and {van Leeuwen}, J. and {Noutsos}, A. and {Os{\l}owski}, S. and 
	{Sobey}, C. and {Stappers}, B.~W. and {Weltevrede}, P.},
    title = "{Limits on fast radio bursts at 145 MHz with ARTEMIS, a real-time software backend}",
  journal = {\mnras},
archivePrefix = "arXiv",
   eprint = {1506.03370},
 primaryClass = "astro-ph.IM",
 keywords = {instrumentation: miscellaneous, pulsars: general},
     year = 2015,
    month = sep,
   volume = 452,
    pages = {1254-1262},
      doi = {10.1093/mnras/stv1306},
   adsurl = {http://adsabs.harvard.edu/abs/2015MNRAS.452.1254K},
  adsnote = {Provided by the SAO/NASA Astrophysics Data System}
}


@ARTICLE{coenen2014,
   author = {{Coenen}, T. and {van Leeuwen}, J. and {Hessels}, J.~W.~T. and 
	{Stappers}, B.~W. and {Kondratiev}, V.~I. and {Alexov}, A. and 
	{Breton}, R.~P. and {Bilous}, A. and {Cooper}, S. and {Falcke}, H. and 
	{Fallows}, R.~A. and {Gajjar}, V. and {Grie{\ss}meier}, J.-M. and 
	{Hassall}, T.~E. and {Karastergiou}, A. and {Keane}, E.~F. and 
	{Kramer}, M. and {Kuniyoshi}, M. and {Noutsos}, A. and {Os{\l}owski}, S. and 
	{Pilia}, M. and {Serylak}, M. and {Schrijvers}, C. and {Sobey}, C. and 
	{ter Veen}, S. and {Verbiest}, J. and {Weltevrede}, P. and {Wijnholds}, S. and 
	{Zagkouris}, K. and {van Amesfoort}, A.~S. and {Anderson}, J. and 
	{Asgekar}, A. and {Avruch}, I.~M. and {Bell}, M.~E. and {Bentum}, M.~J. and 
	{Bernardi}, G. and {Best}, P. and {Bonafede}, A. and {Breitling}, F. and 
	{Broderick}, J. and {Br{\"u}ggen}, M. and {Butcher}, H.~R. and 
	{Ciardi}, B. and {Corstanje}, A. and {Deller}, A. and {Duscha}, S. and 
	{Eisl{\"o}ffel}, J. and {Fender}, R. and {Ferrari}, C. and {Frieswijk}, W. and 
	{Garrett}, M.~A. and {de Gasperin}, F. and {de Geus}, E. and 
	{Gunst}, A.~W. and {Hamaker}, J.~P. and {Heald}, G. and {Hoeft}, M. and 
	{van der Horst}, A. and {Juette}, E. and {Kuper}, G. and {Law}, C. and 
	{Mann}, G. and {McFadden}, R. and {McKay-Bukowski}, D. and {McKean}, J.~P. and 
	{Munk}, H. and {Orru}, E. and {Paas}, H. and {Pandey-Pommier}, M. and 
	{Polatidis}, A.~G. and {Reich}, W. and {Renting}, A. and {R{\"o}ttgering}, H. and 
	{Rowlinson}, A. and {Scaife}, A.~M.~M. and {Schwarz}, D. and 
	{Sluman}, J. and {Smirnov}, O. and {Swinbank}, J. and {Tagger}, M. and 
	{Tang}, Y. and {Tasse}, C. and {Thoudam}, S. and {Toribio}, C. and 
	{Vermeulen}, R. and {Vocks}, C. and {van Weeren}, R.~J. and 
	{Wucknitz}, O. and {Zarka}, P. and {Zensus}, A.},
    title = "{The LOFAR pilot surveys for pulsars and fast radio transients}",
  journal = {\aap},
archivePrefix = "arXiv",
   eprint = {1408.0411},
 primaryClass = "astro-ph.SR",
 keywords = {pulsars: general, telescopes, surveys},
     year = 2014,
    month = oct,
   volume = 570,
      eid = {A60},
    pages = {A60},
      doi = {10.1051/0004-6361/201424495},
   adsurl = {http://adsabs.harvard.edu/abs/2014A%26A...570A..60C},
  adsnote = {Provided by the SAO/NASA Astrophysics Data System}
}

@MISC{ymw16,
       author = {{Yao}, Jumei and {Manchester}, Richard N. and {Wang}, Na},
        title = "{YMW16: Electron-density model}",
     keywords = {Software},
         year = "2019",
        month = "Aug",
          eid = {ascl:1908.022},
        pages = {ascl:1908.022},
archivePrefix = {ascl},
       eprint = {1908.022},
       adsurl = {https://ui.adsabs.harvard.edu/abs/2019ascl.soft08022Y},
      adsnote = {Provided by the SAO/NASA Astrophysics Data System}
}

@article{petroff2017polarized,
  title={A polarized fast radio burst at low Galactic latitude},
  author={Petroff, Emily and Burke-Spolaor, S and Keane, EF and McLaughlin, MA and Miller, R and Andreoni, I and Bailes, Matthew and Barr, ED and Bernard, SR and Bhandari, S and others},
  journal={Monthly Notices of the Royal Astronomical Society},
  volume={469},
  number={4},
  pages={4465--4482},
  year={2017},
  publisher={Oxford University Press}
}

@ARTICLE{eftekhari-2017,
       author = {{Eftekhari}, T. and {Berger}, E.},
        title = "{Associating Fast Radio Bursts with Their Host Galaxies}",
      journal = {\apj},
     keywords = {galaxies: distances and redshifts, methods: statistical, radio continuum: general, Astrophysics - High Energy Astrophysical Phenomena},
         year = "2017",
        month = "Nov",
       volume = {849},
       number = {2},
          eid = {162},
        pages = {162},
          doi = {10.3847/1538-4357/aa90b9},
archivePrefix = {arXiv},
       eprint = {1705.02998},
 primaryClass = {astro-ph.HE},
       adsurl = {https://ui.adsabs.harvard.edu/abs/2017ApJ...849..162E},
      adsnote = {Provided by the SAO/NASA Astrophysics Data System}
}

@ARTICLE{keating-2020,
       author = {{Keating}, Laura C. and {Pen}, Ue-Li},
        title = "{Exploring the dispersion measure of the Milky Way halo}",
      journal = {arXiv e-prints},
     keywords = {Astrophysics - Astrophysics of Galaxies},
         year = "2020",
        month = "Jan",
          eid = {arXiv:2001.11105},
        pages = {arXiv:2001.11105},
archivePrefix = {arXiv},
       eprint = {2001.11105},
 primaryClass = {astro-ph.GA},
       adsurl = {https://ui.adsabs.harvard.edu/abs/2020arXiv200111105K},
      adsnote = {Provided by the SAO/NASA Astrophysics Data System}
}



@ARTICLE{McConnachie2,
       author = {{McConnachie}, Alan W. and {Irwin}, Michael J. and {Ibata}, Rodrigo A. and
         {Dubinski}, John and {Widrow}, Lawrence M. and {Martin}, Nicolas F. and
         {C{\^o}t{\'e}}, Patrick and {Dotter}, Aaron L. and {Navarro}, Julio F. and
         {Ferguson}, Annette M.~N. and {Puzia}, Thomas H. and
         {Lewis}, Geraint F. and {Babul}, Arif and {Barmby}, Pauline and
         {Bienaym{\'e}}, Olivier and {Chapman}, Scott C. and
         {Cockcroft}, Robert and {Collins}, Michelle L.~M. and
         {Fardal}, Mark A. and {Harris}, William E. and {Huxor}, Avon and
         {Mackey}, A. Dougal and {Pe{\~n}arrubia}, Jorge and {Rich}, R. Michael and
         {Richer}, Harvey B. and {Siebert}, Arnaud and {Tanvir}, Nial and
         {Valls-Gabaud}, David and {Venn}, Kimberly A.},
        title = "{The remnants of galaxy formation from a panoramic survey of the region around M31}",
      journal = {\nat},
     keywords = {Astrophysics - Cosmology and Nongalactic Astrophysics, Astrophysics - Astrophysics of Galaxies},
         year = "2009",
        month = "Sep",
       volume = {461},
       number = {7260},
        pages = {66-69},
          doi = {10.1038/nature08327},
archivePrefix = {arXiv},
       eprint = {0909.0398},
 primaryClass = {astro-ph.CO},
       adsurl = {https://ui.adsabs.harvard.edu/abs/2009Natur.461...66M},
      adsnote = {Provided by the SAO/NASA Astrophysics Data System}
}



@ARTICLE{McConnachie1,
       author = {{McConnachie}, Alan W. and {Ferguson}, Annette M.~N. and
         {Irwin}, Michael J. and {Dubinski}, John and {Widrow}, Lawrence M. and
         {Dotter}, Aaron and {Ibata}, Rodrigo and {Lewis}, Geraint F.},
        title = "{The Photometric Properties of a Vast Stellar Substructure in the Outskirts of M33}",
      journal = {\apj},
     keywords = {galaxies: halos, galaxies: individual: M33 M31, galaxies: interactions, galaxies: structure, Local Group, Astrophysics - Cosmology and Nongalactic Astrophysics},
         year = "2010",
        month = "Nov",
       volume = {723},
       number = {2},
        pages = {1038-1052},
          doi = {10.1088/0004-637X/723/2/1038},
archivePrefix = {arXiv},
       eprint = {1009.2804},
 primaryClass = {astro-ph.CO},
       adsurl = {https://ui.adsabs.harvard.edu/abs/2010ApJ...723.1038M},
      adsnote = {Provided by the SAO/NASA Astrophysics Data System}
}



@ARTICLE{dennett-thorpe,
       author = {{Dennett-Thorpe}, J. and {de Bruyn}, A.~G.},
        title = "{Interstellar scintillation as the origin of the rapid radio variability of the quasar J1819+3845}",
      journal = {\nat},
     keywords = {Astrophysics},
         year = "2002",
        month = "Jan",
       volume = {415},
       number = {6867},
        pages = {57-60},
          doi = {10.1038/415057a},
archivePrefix = {arXiv},
       eprint = {astro-ph/0201061},
 primaryClass = {astro-ph},
       adsurl = {https://ui.adsabs.harvard.edu/abs/2002Natur.415...57D},
      adsnote = {Provided by the SAO/NASA Astrophysics Data System}
}

@BOOK{thompson,
       author = {{Thompson}, A. Richard and {Moran}, James M. and
         {Swenson}, George W., Jr.},
        title = "{Interferometry and Synthesis in Radio Astronomy, 3rd Edition}",
         year = "2017",
          doi = {10.1007/978-3-319-44431-4},
       adsurl = {https://ui.adsabs.harvard.edu/abs/2017isra.book.....T},
      adsnote = {Provided by the SAO/NASA Astrophysics Data System}
}



@article{relano-2013,
author = {Relaño, M. and Verley, S. and Perez, I. and Kramer, Carsten and Calzetti, D. and Xilouris, E. and Boquien, Médéric and Abreu-Vicente, J. and Combes, F. and Israel, Frank and Tabatabaei, Fatemeh and Braine, J. and Buchbender, Christof and Gonzalez, M. and Gratier, Pierre and Lord, S. and Mookerjea, B. and Quintana-Lacaci, Guillermo and Werf, P.},
year = {2013},
month = {01},
pages = {},
title = {Spectral Energy Distributions of HII regions in M33 (HerM33es)},
volume = {552},
journal = {Astronomy and Astrophysics},
doi = {10.1051/0004-6361/201220073}
}

@ARTICLE{eftekhari-2018,
       author = {{Eftekhari}, T. and {Berger}, E. and {Williams}, P.~K.~G. and
         {Blanchard}, P.~K.},
        title = "{Associating Fast Radio Bursts with Extragalactic Radio Sources: General Methodology and a Search for a Counterpart to FRB 170107}",
      journal = {\apj},
     keywords = {methods: statistical, radio continuum: galaxies, Astrophysics - High Energy Astrophysical Phenomena},
         year = "2018",
        month = "Jun",
       volume = {860},
       number = {1},
          eid = {73},
        pages = {73},
          doi = {10.3847/1538-4357/aac270},
archivePrefix = {arXiv},
       eprint = {1802.09525},
 primaryClass = {astro-ph.HE},
       adsurl = {https://ui.adsabs.harvard.edu/abs/2018ApJ...860...73E},
      adsnote = {Provided by the SAO/NASA Astrophysics Data System}
}



@article{Kumar-2019,
	doi = {10.3847/2041-8213/ab5b08},
	url = {https://doi.org/10.3847%2F2041-8213%2Fab5b08},
	year = 2019,
	month = {dec},
	publisher = {American Astronomical Society},
	volume = {887},
	number = {2},
	pages = {L30},
	author = {Pravir Kumar and R. M. Shannon and Stefan Os{\l}owski and Hao Qiu and Shivani Bhandari and Wael Farah and Chris Flynn and Matthew Kerr and D. R. Lorimer and J.-P. Macquart and Cherry Ng and C. J. Phillips and Danny C. Price and Ren{\'{e}}e Spiewak},
	title = {Faint Repetitions from a Bright Fast Radio Burst Source},
	journal = {The Astrophysical Journal},
}

@BOOK{lorimerkramer,
       author = {{Lorimer}, D.~R. and {Kramer}, M.},
        title = "{Handbook of Pulsar Astronomy}",
         year = "2012",
       adsurl = {https://ui.adsabs.harvard.edu/abs/2012hpa..book.....L},
      adsnote = {Provided by the SAO/NASA Astrophysics Data System}
}

@INBOOK{ne2001,
       author = {{Cordes}, J.~M.},
        title = "{NE2001: A New Model for the Galactic Electron Density and its Fluctuations}",
    booktitle = {Milky Way Surveys: The Structure and Evolution of our Galaxy},
         year = "2004",
       editor = {{Clemens}, Dan and {Shah}, Ronak and {Brainerd}, Teresa},
       volume = {317},
       series = {Astronomical Society of the Pacific Conference Series},
        pages = {211},
       adsurl = {https://ui.adsabs.harvard.edu/abs/2004ASPC..317..211C},
      adsnote = {Provided by the SAO/NASA Astrophysics Data System}
}

@article{paladini-HII,
	doi = {10.1088/0004-637x/702/2/1036},
	url = {https://doi.org/10.1088%2F0004-637x%2F702%2F2%2F1036},
	year = 2009,
	month = {aug},
	publisher = {{IOP} Publishing},
	volume = {702},
	number = {2},
	pages = {1036--1047},
	author = {R. Paladini and G. DeZotti and A. Noriega-Crespo and S. J. Carey},
	title = {{RE}-{ANALYSIS} {OF} {THE} {RADIO} {LUMINOSITY} {FUNCTION} {OF} {GALACTIC} H {II} {REGIONS}},
	journal = {The Astrophysical Journal},
}

@INPROCEEDINGS{chomiuk-snr-lumfunction,
       author = {{Chomiuk}, Laura},
        title = "{A Universal Luminosity Function for Radio Supernova Remnants}",
    booktitle = {American Astronomical Society Meeting Abstracts \#215},
         year = "2010",
       series = {American Astronomical Society Meeting Abstracts},
       volume = {215},
        month = "Jan",
          eid = {356.03},
        pages = {356.03},
       adsurl = {https://ui.adsabs.harvard.edu/abs/2010AAS...21535603C},
      adsnote = {Provided by the SAO/NASA Astrophysics Data System}
}



@ARTICLE{eichler-2017,
       author = {{Eichler}, David},
        title = "{Nanolensed Fast Radio Bursts}",
      journal = {\apj},
     keywords = {gravitational lensing: micro, techniques: miscellaneous, Astrophysics - High Energy Astrophysical Phenomena},
         year = "2017",
        month = "Dec",
       volume = {850},
       number = {2},
          eid = {159},
        pages = {159},
          doi = {10.3847/1538-4357/aa8b70},
archivePrefix = {arXiv},
       eprint = {1711.04764},
 primaryClass = {astro-ph.HE},
       adsurl = {https://ui.adsabs.harvard.edu/abs/2017ApJ...850..159E},
      adsnote = {Provided by the SAO/NASA Astrophysics Data System}
}



@ARTICLE{james2019b,
   author = {{James}, C.~W. and {Bannister}, K.~W. and {Macquart}, J.-P. and 
	{Ekers}, R.~D. and {Oslowski}, S. and {Shannon}, R.~M. and {Allison}, J.~R. and 
	{Chippendale}, A.~P. and {Collier}, J.~D. and {Franzen}, T. and 
	{Hotan}, A.~W. and {Leach}, M. and {McConnell}, D. and {Pilawa}, M.~A. and 
	{Voronkov}, M.~A. and {Whiting}, M.~T.},
    title = "{The performance and calibration of the CRAFT fly's eye fast radio burst survey}",
  journal = {\pasa},
archivePrefix = "arXiv",
   eprint = {1810.04356},
 primaryClass = "astro-ph.HE",
 keywords = {methods: data analysis, telescopes, surveys},
     year = 2019,
    month = feb,
   volume = 36,
      eid = {e009},
    pages = {e009},
      doi = {10.1017/pasa.2019.1},
   adsurl = {http://adsabs.harvard.edu/abs/2019PASA...36....9J},
  adsnote = {Provided by the SAO/NASA Astrophysics Data System}
}


@ARTICLE{james2019a,
   author = {{James}, C.~W. and {Ekers}, R.~D. and {Macquart}, J.-P. and 
	{Bannister}, K.~W. and {Shannon}, R.~M.},
    title = "{The slope of the source-count distribution for fast radio bursts}",
  journal = {\mnras},
archivePrefix = "arXiv",
   eprint = {1810.04357},
 primaryClass = "astro-ph.HE",
 keywords = {methods: data analysis, radio continuum: general, radio continuum: transients},
     year = 2019,
    month = feb,
   volume = 483,
    pages = {1342-1353},
      doi = {10.1093/mnras/sty3031},
   adsurl = {http://adsabs.harvard.edu/abs/2019MNRAS.483.1342J},
  adsnote = {Provided by the SAO/NASA Astrophysics Data System}
}


@ARTICLE{bhat2004,
   author = {{Bhat}, N.~D.~R. and {Cordes}, J.~M. and {Camilo}, F. and {Nice}, D.~J. and 
	{Lorimer}, D.~R.},
    title = "{Multifrequency Observations of Radio Pulse Broadening and Constraints on Interstellar Electron Density Microstructure}",
  journal = {\apj},
   eprint = {astro-ph/0401067},
 keywords = {ISM: Structure, Methods: Data Analysis, Stars: Pulsars: General, Radio Continuum: General, Scattering},
     year = 2004,
    month = apr,
   volume = 605,
    pages = {759-783},
      doi = {10.1086/382680},
   adsurl = {http://adsabs.harvard.edu/abs/2004ApJ...605..759B},
  adsnote = {Provided by the SAO/NASA Astrophysics Data System}
}

@ARTICLE{luangoldreich2014,
   author = {{Luan}, J. and {Goldreich}, P.},
    title = "{Physical Constraints on Fast Radio Bursts}",
  journal = {\apjl},
archivePrefix = "arXiv",
   eprint = {1401.1795},
 primaryClass = "astro-ph.HE",
 keywords = {radio continuum: general},
     year = 2014,
    month = apr,
   volume = 785,
      eid = {L26},
    pages = {L26},
      doi = {10.1088/2041-8205/785/2/L26},
   adsurl = {http://adsabs.harvard.edu/abs/2014ApJ...785L..26L},
  adsnote = {Provided by the SAO/NASA Astrophysics Data System}
}


@ARTICLE{ravi2019,
   author = {{Ravi}, V.},
    title = "{The observed properties of fast radio bursts}",
  journal = {\mnras},
archivePrefix = "arXiv",
   eprint = {1710.08026},
 primaryClass = "astro-ph.HE",
 keywords = {scattering, methods: data analysis, catalogues, pulsars: general, radio continuum: general},
     year = 2019,
    month = jan,
   volume = 482,
    pages = {1966-1978},
      doi = {10.1093/mnras/sty1551},
   adsurl = {http://adsabs.harvard.edu/abs/2019MNRAS.482.1966R},
  adsnote = {Provided by the SAO/NASA Astrophysics Data System}
}

@ARTICLE{tendulkar2017,
   author = {{Tendulkar}, S.~P. and {Bassa}, C.~G. and {Cordes}, J.~M. and 
  {Bower}, G.~C. and {Law}, C.~J. and {Chatterjee}, S. and {Adams}, E.~A.~K. and 
  {Bogdanov}, S. and {Burke-Spolaor}, S. and {Butler}, B.~J. and 
  {Demorest}, P. and {Hessels}, J.~W.~T. and {Kaspi}, V.~M. and 
  {Lazio}, T.~J.~W. and {Maddox}, N. and {Marcote}, B. and {McLaughlin}, M.~A. and 
  {Paragi}, Z. and {Ransom}, S.~M. and {Scholz}, P. and {Seymour}, A. and 
  {Spitler}, L.~G. and {van Langevelde}, H.~J. and {Wharton}, R.~S.
  },
    title = "{The Host Galaxy and Redshift of the Repeating Fast Radio Burst FRB 121102}",
  journal = {\apjl},
archivePrefix = "arXiv",
   eprint = {1701.01100},
 primaryClass = "astro-ph.HE",
 keywords = {galaxies: distances and redshifts, galaxies: dwarf, galaxies: ISM, stars: magnetars, stars: neutron },
     year = 2017,
    month = jan,
   volume = 834,
      eid = {L7},
    pages = {L7},
      doi = {10.3847/2041-8213/834/2/L7},
   adsurl = {http://adsabs.harvard.edu/abs/2017ApJ...834L...7T},
  adsnote = {Provided by the SAO/NASA Astrophysics Data System}
}

@ARTICLE{vedantham2019,
   author = {{Vedantham}, H.~K. and {Phinney}, E.~S.},
    title = "{Radio wave scattering by circumgalactic cool gas clumps}",
  journal = {\mnras},
archivePrefix = "arXiv",
   eprint = {1811.10876},
 keywords = {scattering, galaxies: haloes},
     year = 2019,
    month = feb,
   volume = 483,
    pages = {971-984},
      doi = {10.1093/mnras/sty2948},
   adsurl = {http://adsabs.harvard.edu/abs/2019MNRAS.483..971V},
  adsnote = {Provided by the SAO/NASA Astrophysics Data System}
}


@ARTICLE{chime2019a,
   author = {{CHIME/FRB Collaboration} and {Amiri}, M. and {Bandura}, K. and 
	{Bhardwaj}, M. and {Boubel}, P. and {Boyce}, M.~M. and {Boyle}, P.~J. and 
	{Brar}, C. and {Burhanpurkar}, M. and {Chawla}, P. and {Cliche}, J.~F. and 
	{Cubranic}, D. and {Deng}, M. and {Denman}, N. and {Dobbs}, M. and 
	{Fandino}, M. and {Fonseca}, E. and {Gaensler}, B.~M. and {Gilbert}, A.~J. and 
	{Giri}, U. and {Good}, D.~C. and {Halpern}, M. and {Hanna}, D and 
	{Hill}, A.~S. and {Hinshaw}, G. and {H{\"o}fer}, C. and {Josephy}, A. and 
	{Kaspi}, V.~M. and {Landecker}, T.~L. and {Lang}, D.~A. and 
	{Masui}, K.~W. and {Mckinven}, R. and {Mena-Parra}, J. and {Merryfield}, M. and 
	{Milutinovic}, N. and {Moatti}, C. and {Naidu}, A. and {Newburgh}, L.~B. and 
	{Ng}, C. and {Patel}, C. and {Pen}, U. and {Pinsonneault-Marotte}, T. and 
	{Pleunis}, Z. and {Rafiei-Ravandi}, M. and {Ransom}, S.~M. and 
	{Renard}, A. and {Scholz}, P. and {Shaw}, J.~R. and {Siegel}, S.~R. and 
	{Smith}, K.~M. and {Stairs}, I.~H. and {Tendulkar}, S.~P. and 
	{Tretyakov}, I. and {Vanderlinde}, K. and {Yadav}, P.},
    title = "{Observations of fast radio bursts at frequencies down to 400 megahertz}",
  journal = {\nat},
archivePrefix = "arXiv",
   eprint = {1901.04524},
 primaryClass = "astro-ph.HE",
     year = 2019,
    month = jan,
   volume = 566,
    pages = {230-234},
      doi = {10.1038/s41586-018-0867-7},
   adsurl = {http://adsabs.harvard.edu/abs/2019Natur.566..230C},
  adsnote = {Provided by the SAO/NASA Astrophysics Data System}
}

@ARTICLE{keane2015,
   author = {{Keane}, E.~F. and {Petroff}, E.},
    title = "{Fast radio bursts: search sensitivities and completeness}",
  journal = {\mnras},
archivePrefix = "arXiv",
   eprint = {1409.6125},
 primaryClass = "astro-ph.HE",
 keywords = {methods: data analysis, surveys, intergalactic medium},
     year = 2015,
    month = mar,
   volume = 447,
    pages = {2852-2856},
      doi = {10.1093/mnras/stu2650},
   adsurl = {http://adsabs.harvard.edu/abs/2015MNRAS.447.2852K},
  adsnote = {Provided by the SAO/NASA Astrophysics Data System}
}

@ARTICLE{oppermann2015,
       author = {{Oppermann}, N. and {Junklewitz}, H. and {Greiner}, M. and
         {En{\ss}lin}, T.~A. and {Akahori}, T. and {Carretti}, E. and
         {Gaensler}, B.~M. and {Goobar}, A. and {Harvey-Smith}, L. and
         {Johnston-Hollitt}, M. and {Pratley}, L. and
         {Schnitzeler}, D.~H.~F.~M. and {Stil}, J.~M. and {Vacca}, V.},
        title = "{Estimating extragalactic Faraday rotation}",
      journal = {\aap},
     keywords = {magnetic fields, methods: data analysis, ISM: magnetic fields, Astrophysics - Instrumentation and Methods for Astrophysics, Astrophysics - Cosmology and Nongalactic Astrophysics, Astrophysics - Astrophysics of Galaxies},
         year = "2015",
        month = "Mar",
       volume = {575},
          eid = {A118},
        pages = {A118},
          doi = {10.1051/0004-6361/201423995},
archivePrefix = {arXiv},
       eprint = {1404.3701},
 primaryClass = {astro-ph.IM},
       adsurl = {https://ui.adsabs.harvard.edu/abs/2015A&A...575A.118O},
      adsnote = {Provided by the SAO/NASA Astrophysics Data System}
}

@ARTICLE{petroff_review,
       author = {{Petroff}, E. and {Hessels}, J.~W.~T. and {Lorimer}, D.~R.},
        title = "{Fast radio bursts}",
      journal = {\aapr},
     keywords = {Fast radio burst, Pulsar, Radio astronomy, Transient, Astrophysics - High Energy Astrophysical Phenomena},
         year = "2019",
        month = "May",
       volume = {27},
       number = {1},
          eid = {4},
        pages = {4},
          doi = {10.1007/s00159-019-0116-6},
archivePrefix = {arXiv},
       eprint = {1904.07947},
 primaryClass = {astro-ph.HE},
       adsurl = {https://ui.adsabs.harvard.edu/abs/2019A&ARv..27....4P},
      adsnote = {Provided by the SAO/NASA Astrophysics Data System}
}

@ARTICLE{connor-2019,
       author = {{Connor}, Liam},
        title = "{Interpreting the distributions of FRB observables}",
      journal = {\mnras},
     keywords = {methods: statistical, pulsars: general, radio continuum: transients, Astrophysics - High Energy Astrophysical Phenomena, Astrophysics - Instrumentation and Methods for Astrophysics},
         year = "2019",
        month = "Aug",
       volume = {487},
       number = {4},
        pages = {5753-5763},
          doi = {10.1093/mnras/stz1666},
archivePrefix = {arXiv},
       eprint = {1905.00755},
 primaryClass = {astro-ph.HE},
       adsurl = {https://ui.adsabs.harvard.edu/abs/2019MNRAS.487.5753C},
      adsnote = {Provided by the SAO/NASA Astrophysics Data System}
}





@ARTICLE{hessels2019,
       author = {{Hessels}, J.~W.~T. and {Spitler}, L.~G. and {Seymour}, A.~D. and
         {Cordes}, J.~M. and {Michilli}, D. and {Lynch}, R.~S. and
         {Gourdji}, K. and {Archibald}, A.~M. and {Bassa}, C.~G. and
         {Bower}, G.~C. and {Chatterjee}, S. and {Connor}, L. and
         {Crawford}, F. and {Deneva}, J.~S. and {Gajjar}, V. and {Kaspi}, V.~M. and
         {Keimpema}, A. and {Law}, C.~J. and {Marcote}, B. and
         {McLaughlin}, M.~A. and {Paragi}, Z. and {Petroff}, E. and
         {Ransom}, S.~M. and {Scholz}, P. and {Stappers}, B.~W. and
         {Tendulkar}, S.~P.},
        title = "{FRB 121102 Bursts Show Complex Time-Frequency Structure}",
      journal = {\apjl},
     keywords = {galaxies: dwarf, radiation mechanisms: non-thermal, radio continuum: general, Astrophysics - High Energy Astrophysical Phenomena},
         year = "2019",
        month = "May",
       volume = {876},
       number = {2},
          eid = {L23},
        pages = {L23},
          doi = {10.3847/2041-8213/ab13ae},
archivePrefix = {arXiv},
       eprint = {1811.10748},
 primaryClass = {astro-ph.HE},
       adsurl = {https://ui.adsabs.harvard.edu/abs/2019ApJ...876L..23H},
      adsnote = {Provided by the SAO/NASA Astrophysics Data System}
}



@ARTICLE{connor-2018b,
       author = {{Connor}, Liam and {van Leeuwen}, Joeri},
        title = "{Applying Deep Learning to Fast Radio Burst Classification}",
      journal = {\aj},
     keywords = {methods: data analysis, pulsars: general, techniques: image processing, Astrophysics - Instrumentation and Methods for Astrophysics, Astrophysics - High Energy Astrophysical Phenomena},
         year = "2018",
        month = "Dec",
       volume = {156},
       number = {6},
          eid = {256},
        pages = {256},
          doi = {10.3847/1538-3881/aae649},
archivePrefix = {arXiv},
       eprint = {1803.03084},
 primaryClass = {astro-ph.IM},
       adsurl = {https://ui.adsabs.harvard.edu/abs/2018AJ....156..256C},
      adsnote = {Provided by the SAO/NASA Astrophysics Data System}
}




@ARTICLE{connor2016b,
   author = {{Connor}, L. and {Lin}, H.-H. and {Masui}, K. and {Oppermann}, N. and 
	{Pen}, U.-L. and {Peterson}, J.~B. and {Roman}, A. and {Sievers}, J.
	},
    title = "{Constraints on the FRB rate at 700-900 MHz}",
  journal = {\mnras},
archivePrefix = "arXiv",
   eprint = {1602.07292},
 primaryClass = "astro-ph.HE",
 keywords = {methods: statistical, pulsars: general},
     year = 2016,
    month = jul,
   volume = 460,
    pages = {1054-1058},
      doi = {10.1093/mnras/stw907},
   adsurl = {http://adsabs.harvard.edu/abs/2016MNRAS.460.1054C},
  adsnote = {Provided by the SAO/NASA Astrophysics Data System}
}


@ARTICLE{chime2019r2,
   author = {{CHIME/FRB Collaboration} and {Amiri}, M. and {Bandura}, K. and 
	{Bhardwaj}, M. and {Boubel}, P. and {Boyce}, M.~M. and {Boyle}, P.~J and 
	{.~Brar}, C. and {Burhanpurkar}, M. and {Cassanelli}, T. and 
	{Chawla}, P. and {Cliche}, J.~F. and {Cubranic}, D. and {Deng}, M. and 
	{Denman}, N. and {Dobbs}, M. and {Fandino}, M. and {Fonseca}, E. and 
	{Gaensler}, B.~M. and {Gilbert}, A.~J. and {Gill}, A. and {Giri}, U. and 
	{Good}, D.~C. and {Halpern}, M. and {Hanna}, D.~S. and {Hill}, A.~S. and 
	{Hinshaw}, G. and {H{\"o}fer}, C. and {Josephy}, A. and {Kaspi}, V.~M. and 
	{Landecker}, T.~L. and {Lang}, D.~A. and {Lin}, H.-H. and {Masui}, K.~W. and 
	{Mckinven}, R. and {Mena-Parra}, J. and {Merryfield}, M. and 
	{Michilli}, D. and {Milutinovic}, N. and {Moatti}, C. and {Naidu}, A. and 
	{Newburgh}, L.~B. and {Ng}, C. and {Patel}, C. and {Pen}, U. and 
	{Pinsonneault-Marotte}, T. and {Pleunis}, Z. and {Rafiei-Ravandi}, M. and 
	{Rahman}, M. and {Ransom}, S.~M. and {Renard}, A. and {Scholz}, P. and 
	{Shaw}, J.~R. and {Siegel}, S.~R. and {Smith}, K.~M. and {Stairs}, I.~H. and 
	{Tendulkar}, S.~P. and {Tretyakov}, I. and {Vanderlinde}, K. and 
	{Yadav}, P.},
    title = "{A second source of repeating fast radio bursts}",
  journal = {\nat},
archivePrefix = "arXiv",
   eprint = {1901.04525},
 primaryClass = "astro-ph.HE",
     year = 2019,
    month = jan,
   volume = 566,
    pages = {235-238},
      doi = {10.1038/s41586-018-0864-x},
   adsurl = {http://adsabs.harvard.edu/abs/2019Natur.566..235C},
  adsnote = {Provided by the SAO/NASA Astrophysics Data System}
}

@ARTICLE{sander2019,
   author = {{ter Veen}, S. and {Enriquez}, J.~E. and {Falcke}, H. and {Rachen}, J.~P. and 
	{van den Akker}, M. and {Schellart}, P. and {Bonardi}, A. and 
	{Breton}, R.~P. and {Broderick}, J.~W. and {Corbel}, S. and 
	{Corstanje}, A. and {Eisl{\"o}ffel}, J. and {Grie{\ss}meier}, J.-M. and 
	{H{\"o}randel}, J.~R. and {van der Horst}, A.~J. and {Law}, C.~J. and 
	{van Leeuwen}, J. and {Nelles}, A. and {Rossetto}, L. and {Rowlinson}, A. and 
	{Winchen}, T. and {Zarka}, P.},
    title = "{The FRATS project: real-time searches for fast radio bursts and other fast transients with LOFAR at 135 MHz}",
  journal = {\aap},
 keywords = {surveys, pulsars: general, instrumentation: interferometers, techniques: high angular resolution},
     year = 2019,
    month = jan,
   volume = 621,
      eid = {A57},
    pages = {A57},
      doi = {10.1051/0004-6361/201732515},
   adsurl = {http://adsabs.harvard.edu/abs/2019A%26A...621A..57T},
  adsnote = {Provided by the SAO/NASA Astrophysics Data System}
}


@ARTICLE{keane2015,
   author = {{Keane}, E.~F. and {Petroff}, E.},
    title = "{Fast radio bursts: search sensitivities and completeness}",
  journal = {\mnras},
archivePrefix = "arXiv",
   eprint = {1409.6125},
 primaryClass = "astro-ph.HE",
 keywords = {methods: data analysis, surveys, intergalactic medium},
     year = 2015,
    month = mar,
   volume = 447,
    pages = {2852-2856},
      doi = {10.1093/mnras/stu2650},
   adsurl = {http://adsabs.harvard.edu/abs/2015MNRAS.447.2852K},
  adsnote = {Provided by the SAO/NASA Astrophysics Data System}
}


@ARTICLE{utmost2017,
   author = {{Bailes}, M. and {Jameson}, A. and {Flynn}, C. and {Bateman}, T. and 
	{Barr}, E.~D. and {Bhandari}, S. and {Bunton}, J.~D. and {Caleb}, M. and 
	{Campbell-Wilson}, D. and {Farah}, W. and {Gaensler}, B. and 
	{Green}, A.~J. and {Hunstead}, R.~W. and {Jankowski}, F. and 
	{Keane}, E.~F. and {Krishnan}, V.~V. and {Murphy}, T. and {O'Neill}, M. and 
	{Os{\l}owski}, S. and {Parthasarathy}, A. and {Ravi}, V. and 
	{Rosado}, P. and {Temby}, D.},
    title = "{The UTMOST: A Hybrid Digital Signal Processor Transforms the Molonglo Observatory Synthesis Telescope}",
  journal = {\pasa},
archivePrefix = "arXiv",
   eprint = {1708.09619},
 primaryClass = "astro-ph.IM",
 keywords = {instrumentation: interferometers, stars: pulsars: general, techniques: interferometric},
     year = 2017,
    month = oct,
   volume = 34,
      eid = {e045},
    pages = {e045},
      doi = {10.1017/pasa.2017.39},
   adsurl = {http://adsabs.harvard.edu/abs/2017PASA...34...45B},
  adsnote = {Provided by the SAO/NASA Astrophysics Data System}
}


@ARTICLE{chime2018overview,
   author = {{CHIME/FRB Collaboration} and {Amiri}, M. and {Bandura}, K. and 
	{Berger}, P. and {Bhardwaj}, M. and {Boyce}, M.~M. and {Boyle}, P.~J. and 
	{Brar}, C. and {Burhanpurkar}, M. and {Chawla}, P. and {Chowdhury}, J. and 
	{Cliche}, J.-F. and {Cranmer}, M.~D. and {Cubranic}, D. and 
	{Deng}, M. and {Denman}, N. and {Dobbs}, M. and {Fandino}, M. and 
	{Fonseca}, E. and {Gaensler}, B.~M. and {Giri}, U. and {Gilbert}, A.~J. and 
	{Good}, D.~C. and {Guliani}, S. and {Halpern}, M. and {Hinshaw}, G. and 
	{H{\"o}fer}, C. and {Josephy}, A. and {Kaspi}, V.~M. and {Landecker}, T.~L. and 
	{Lang}, D. and {Liao}, H. and {Masui}, K.~W. and {Mena-Parra}, J. and 
	{Naidu}, A. and {Newburgh}, L.~B. and {Ng}, C. and {Patel}, C. and 
	{Pen}, U.-L. and {Pinsonneault-Marotte}, T. and {Pleunis}, Z. and 
	{Rafiei Ravandi}, M. and {Ransom}, S.~M. and {Renard}, A. and 
	{Scholz}, P. and {Sigurdson}, K. and {Siegel}, S.~R. and {Smith}, K.~M. and 
	{Stairs}, I.~H. and {Tendulkar}, S.~P. and {Vanderlinde}, K. and 
	{Wiebe}, D.~V.},
    title = "{The CHIME Fast Radio Burst Project: System Overview}",
  journal = {\apj},
archivePrefix = "arXiv",
   eprint = {1803.11235},
 primaryClass = "astro-ph.IM",
 keywords = {instrumentation: interferometers, methods: observational, radio continuum: general, techniques: interferometric, telescopes},
     year = 2018,
    month = aug,
   volume = 863,
      eid = {48},
    pages = {48},
      doi = {10.3847/1538-4357/aad188},
   adsurl = {http://adsabs.harvard.edu/abs/2018ApJ...863...48C},
  adsnote = {Provided by the SAO/NASA Astrophysics Data System}
}



@ARTICLE{farah2018,
   author = {{Farah}, W. and {Flynn}, C. and {Bailes}, M. and {Jameson}, A. and 
	{Bannister}, K.~W. and {Barr}, E.~D. and {Bateman}, T. and {Bhandari}, S. and 
	{Caleb}, M. and {Campbell-Wilson}, D. and {Chang}, S.-W. and 
	{Deller}, A. and {Green}, A.~J. and {Hunstead}, R. and {Jankowski}, F. and 
	{Keane}, E. and {Macquart}, J.-P. and {M{\"o}ller}, A. and {Onken}, C.~A. and 
	{Os{\l}owski}, S. and {Parthasarathy}, A. and {Plant}, K. and 
	{Ravi}, V. and {Shannon}, R.~M. and {Tucker}, B.~E. and {Venkatraman Krishnan}, V. and 
	{Wolf}, C.},
    title = "{FRB microstructure revealed by the real-time detection of FRB170827}",
  journal = {\mnras},
archivePrefix = "arXiv",
   eprint = {1803.05697},
 primaryClass = "astro-ph.HE",
 keywords = {instrumentation: interferometers, methods: data analysis, radio continuum: transients},
     year = 2018,
    month = jul,
   volume = 478,
    pages = {1209-1217},
      doi = {10.1093/mnras/sty1122},
   adsurl = {http://adsabs.harvard.edu/abs/2018MNRAS.478.1209F},
  adsnote = {Provided by the SAO/NASA Astrophysics Data System}
}


@ARTICLE{Lawrence2017,
   author = {{Lawrence}, E. and {Vander Wiel}, S. and {Law}, C. and {Burke Spolaor}, S. and 
	{Bower}, G.~C.},
    title = "{The Nonhomogeneous Poisson Process for Fast Radio Burst Rates}",
  journal = {\aj},
archivePrefix = "arXiv",
   eprint = {1611.00458},
 primaryClass = "astro-ph.HE",
 keywords = {methods: data analysis, methods: statistical, radio continuum: general, surveys},
     year = 2017,
    month = sep,
   volume = 154,
      eid = {117},
    pages = {117},
      doi = {10.3847/1538-3881/aa844e},
   adsurl = {http://adsabs.harvard.edu/abs/2017AJ....154..117L},
  adsnote = {Provided by the SAO/NASA Astrophysics Data System}
}


@ARTICLE{macquart2018_1,
   author = {{Macquart}, J.-P. and {Ekers}, R.~D.},
    title = "{Fast radio burst event rate counts - I. Interpreting the observations}",
  journal = {\mnras},
archivePrefix = "arXiv",
   eprint = {1710.11493},
 primaryClass = "astro-ph.HE",
 keywords = {methods: data analysis, surveys, radio continuum: transients},
     year = 2018,
    month = feb,
   volume = 474,
    pages = {1900-1908},
      doi = {10.1093/mnras/stx2825},
   adsurl = {http://adsabs.harvard.edu/abs/2018MNRAS.474.1900M},
  adsnote = {Provided by the SAO/NASA Astrophysics Data System}
}


@ARTICLE{macquart2018_2,
   author = {{Macquart}, J.-P. and {Ekers}, R.},
    title = "{FRB event rate counts - II. Fluence, redshift, and dispersion measure distributions}",
  journal = {\mnras},
archivePrefix = "arXiv",
   eprint = {1808.00908},
 primaryClass = "astro-ph.HE",
 keywords = {methods: data analysis, surveys, cosmology: miscellaneous},
     year = 2018,
    month = nov,
   volume = 480,
    pages = {4211-4230},
      doi = {10.1093/mnras/sty2083},
   adsurl = {http://adsabs.harvard.edu/abs/2018MNRAS.480.4211M},
  adsnote = {Provided by the SAO/NASA Astrophysics Data System}
}

@ARTICLE{2009A&A...493.1161S,
   author = {{Smits}, R. and {Kramer}, M. and {Stappers}, B. and {Lorimer}, D.~R. and 
	{Cordes}, J. and {Faulkner}, A.},
    title = "{Pulsar searches and timing with the square kilometre array}",
  journal = {\aap},
archivePrefix = "arXiv",
   eprint = {0811.0211},
 keywords = {stars: neutron, stars: pulsars: general, telescopes},
     year = 2009,
    month = jan,
   volume = 493,
    pages = {1161-1170},
      doi = {10.1051/0004-6361:200810383},
   adsurl = {http://adsabs.harvard.edu/abs/2009A%26A...493.1161S},
  adsnote = {Provided by the SAO/NASA Astrophysics Data System}
}

@ARTICLE{2013ApJ...768...85R,
   author = {{Rosen}, R. and {Swiggum}, J. and {McLaughlin}, M.~A. and {Lorimer}, D.~R. and 
	{Yun}, M. and {Heatherly}, S.~A. and {Boyles}, J. and {Lynch}, R. and 
	{Kondratiev}, V.~I. and {Scoles}, S. and {Ransom}, S.~M. and 
	{Moniot}, M.~L. and {Cottrill}, A. and {Weaver}, M. and {Snider}, A. and 
	{Thompson}, C. and {Raycraft}, M. and {Dudenhoefer}, J. and 
	{Allphin}, L. and {Thorley}, J. and {Meadows}, B. and {Marchiny}, G. and 
	{Liska}, A. and {O'Dwyer}, A.~M. and {Butler}, B. and {Bloxton}, S. and 
	{Mabry}, H. and {Abate}, H. and {Boothe}, J. and {Pritt}, S. and 
	{Alberth}, J. and {Green}, A. and {Crowley}, R.~J. and {Agee}, A. and 
	{Nagley}, S. and {Sargent}, N. and {Hinson}, E. and {Smith}, K. and 
	{McNeely}, R. and {Quigley}, H. and {Pennington}, A. and {Chen}, S. and 
	{Maynard}, T. and {Loope}, L. and {Bielski}, N. and {McGough}, J.~R. and 
	{Gural}, J.~C. and {Colvin}, S. and {Tso}, S. and {Ewen}, Z. and 
	{Zhang}, M. and {Ciccarella}, N. and {Bukowski}, B. and {Novotny}, C.~B. and 
	{Gore}, J. and {Sarver}, K. and {Johnson}, S. and {Cunningham}, H. and 
	{Collins}, D. and {Gardner}, D. and {Monteleone}, A. and {Hall}, J. and 
	{Schweinhagen}, R. and {Ayers}, J. and {Jay}, S. and {Uosseph}, B. and 
	{Dunkum}, D. and {Pal}, J. and {Dydiw}, S. and {Sterling}, M. and 
	{Phan}, E.},
    title = "{The Pulsar Search Collaboratory: Discovery and Timing of Five New Pulsars}",
  journal = {\apj},
archivePrefix = "arXiv",
   eprint = {1209.4108},
 primaryClass = "astro-ph.SR",
 keywords = {pulsars: general, pulsars: individual (PSR J1400{\ndash}1438, PSR J1631{\ndash}1612, PSR J1821+0155, PSR J1926{\ndash}1314, PSR J2136{\ndash}1606},
     year = 2013,
    month = may,
   volume = 768,
      eid = {85},
    pages = {85},
      doi = {10.1088/0004-637X/768/1/85},
   adsurl = {http://adsabs.harvard.edu/abs/2013ApJ...768...85R},
  adsnote = {Provided by the SAO/NASA Astrophysics Data System}
}


@article{sl18,
   author = {{Straal}, S. and {van Leeuwen}, J.},
   year    = "2018",
  journal = "{\aap}, in prep"
}


@ARTICLE{2017arXiv171201008L,
   author = {{Levin}, L. and {Armour}, W. and {Baffa}, C. and {Barr}, E. and 
	{Cooper}, S. and {Eatough}, R. and {Ensor}, A. and {Giani}, E. and 
	{Karastergiou}, A. and {Karuppusamy}, R. and {Keith}, M. and 
	{Kramer}, M. and {Lyon}, R. and {Mackintosh}, M. and {Mickaliger}, M. and 
	{van Nieuwpoort}, R and {Pearson}, M. and {Prabu}, T. and {Roy}, J. and 
	{Sinnen}, O. and {Spitler}, L. and {Spreeuw}, H. and {Stappers}, B.~W. and 
	{van Straten}, W. and {Williams}, C. and {Wang}, H. and {Wiesner}, K.
	},
    title = "{Pulsar Searches with the SKA}",
  journal = {ArXiv e-prints},
archivePrefix = "arXiv",
   eprint = {1712.01008},
 primaryClass = "astro-ph.IM",
 keywords = {Astrophysics - Instrumentation and Methods for Astrophysics, Astrophysics - High Energy Astrophysical Phenomena},
     year = 2017,
    month = dec,
   adsurl = {http://adsabs.harvard.edu/abs/2017arXiv171201008L},
  adsnote = {Provided by the SAO/NASA Astrophysics Data System}
}


@ARTICLE{2016A&A...593A..21M,
   author = {{Mikhailov}, K. and {van Leeuwen}, J.},
    title = "{The LOFAR search for radio pulsars and fast transients in M 33, M 81, and M 82}",
  journal = {\aap},
archivePrefix = "arXiv",
   eprint = {1605.04165},
 keywords = {stars: neutron, pulsars: general, galaxies: ISM, galaxies: individual: M 33, galaxies: individual: M 81, galaxies: individual: M 82},
     year = 2016,
    month = aug,
   volume = 593,
      eid = {A21},
    pages = {A21},
      doi = {10.1051/0004-6361/201628348},
   adsurl = {http://adsabs.harvard.edu/abs/2016A%26A...593A..21M},
  adsnote = {Provided by the SAO/NASA Astrophysics Data System}
}



@article{artsso20,
   author  = {{van Leeuwen}, J. and {Kooistra}, E. and {Connor}, L. and {Maan}, Y. and {Oostrum}, L.~C. and {et al.}},
    title = "{ARTS System Overview}",
   year    = 2020,
   journal = "A\&A, in prep"}


@INPROCEEDINGS{leeu14,
   author = {{van Leeuwen}, J.},
    title = "{ARTS -- the Apertif Radio Transient System}",
booktitle = {"The Third Hot-wiring the Transient Universe Workshop"},
     year = 2014,
   editor = {{Wozniak}, P.~R. and {Graham}, M.~J. and {Mahabal}, A.~A. and 
	{Seaman}, R.},
    pages = {79},
   adsurl = {http://adsabs.harvard.edu/abs/2014htu..conf...79V},
  adsnote = {Provided by the SAO/NASA Astrophysics Data System}
}


@ARTICLE{2017arXiv170906104M,
   author = {{Maan}, Y. and {van Leeuwen}, J.},
    title = "{Real-time searches for fast transients with Apertif and LOFAR}",
archivePrefix = "arXiv",
   eprint = {1709.06104},
 primaryClass = "astro-ph.IM",
 keywords = {Astrophysics - Instrumentation and Methods for Astrophysics, Astrophysics - Cosmology and Nongalactic Astrophysics, Astrophysics - High Energy Astrophysical Phenomena},
     year = 2017,
    month = sep,
 journal = {IEEE Proc. URSI GASS},
      doi = {10.23919/URSIGASS.2017.8105320},
   adsurl = {http://adsabs.harvard.edu/abs/2017arXiv170906104M},
  adsnote = {Provided by the SAO/NASA Astrophysics Data System}
}



@ARTICLE{2016PASP..128h4503W,
   author = {{Wagstaff}, K.~L. and {Tang}, B. and {Thompson}, D.~R. and {Khudikyan}, S. and 
	{Wyngaard}, J. and {Deller}, A.~T. and {Palaniswamy}, D. and 
	{Tingay}, S.~J. and {Wayth}, R.~B.},
    title = "{A Machine Learning Classifier for Fast Radio Burst Detection at the VLBA}",
  journal = {\pasp},
archivePrefix = "arXiv",
   eprint = {1606.08605},
 primaryClass = "astro-ph.IM",
     year = 2016,
    month = aug,
   volume = 128,
   number = 8,
    pages = {084503},
      doi = {10.1088/1538-3873/128/966/084503},
   adsurl = {http://adsabs.harvard.edu/abs/2016PASP..128h4503W},
  adsnote = {Provided by the SAO/NASA Astrophysics Data System}
}


@Article{Breiman2001,
author="Breiman, Leo",
title="Random Forests",
journal="Machine Learning",
year="2001",
month="Oct",
day="01",
volume="45",
number="1",
pages="5--32",
issn="1573-0565",
doi="10.1023/A:1010933404324",
url="https://doi.org/10.1023/A:1010933404324"
}


@ARTICLE{mh18,
   author = {{Mendrik}, A. and {Hester}, M.},
   title = "{Designing Benchmarks for Measuring Automatic Algorithm Performance on Research Data}",
   journal = {IEEE eScience 2018, \emph{in prep.}},
   year = 2018
}


@ARTICLE{2007astro.ph..1097A,
   author = {{Aulbert}, C.},
    title = "{Finding binary millisecond pulsars with the Hough transform}",
  journal = {ArXiv Astrophysics e-prints},
   eprint = {astro-ph/0701097},
 keywords = {Astrophysics},
     year = 2007,
    month = jan,
   adsurl = {http://adsabs.harvard.edu/abs/2007astro.ph..1097A},
  adsnote = {Provided by the SAO/NASA Astrophysics Data System}
}



@Article{pmid29629118,
   Author="Wu, Z.  and Ramsundar, B.  and Feinberg, E. N.  and Gomes, J.  and Geniesse, C.  and Pappu, A. S.  and Leswing, K.  and Pande, V. ",
   Title="{{M}olecule{N}et: a benchmark for molecular machine learning}",
   Journal="Chem Sci",
   Year="2018",
   Volume="9",
   Number="2",
   Pages="513--530",
   Month="Jan"
}

@ARTICLE{ymw16-model,
       author = {{Yao}, J.~M. and {Manchester}, R.~N. and {Wang}, N.},
        title = "{A New Electron-density Model for Estimation of Pulsar and FRB Distances}",
      journal = {\apj},
     keywords = {ISM: structure, pulsars: general, stars: distances, Astrophysics - Astrophysics of Galaxies},
         year = "2017",
        month = "Jan",
       volume = {835},
       number = {1},
          eid = {29},
        pages = {29},
          doi = {10.3847/1538-4357/835/1/29},
archivePrefix = {arXiv},
       eprint = {1610.09448},
 primaryClass = {astro-ph.GA},
       adsurl = {https://ui.adsabs.harvard.edu/abs/2017ApJ...835...29Y},
      adsnote = {Provided by the SAO/NASA Astrophysics Data System}
}

@ARTICLE{2016A&C....14....1S,
   author = {{Sclocco}, A. and {van Leeuwen}, J. and {Bal}, H.~E. and {van Nieuwpoort}, R.~V.
	},
    title = "{Real-time dedispersion for fast radio transient surveys, using auto tuning on many-core accelerators}",
  journal = {Astronomy and Computing},
archivePrefix = "arXiv",
   eprint = {1601.01165},
 primaryClass = "astro-ph.IM",
 keywords = {Pulsars: general, Astronomical instrumentation, methods and techniques, Techniques: miscellaneous},
     year = 2016,
    month = jan,
   volume = 14,
    pages = {1-7},
      doi = {10.1016/j.ascom.2016.01.001},
   adsurl = {http://adsabs.harvard.edu/abs/2016A%26C....14....1S},
  adsnote = {Provided by the SAO/NASA Astrophysics Data System}
}

@ARTICLE{2020arXiv200103389S,
       author = {{Sclocco}, Alessio and {Vohl}, Dany and {van Nieuwpoort}, Rob V.},
        title = "{Real-Time RFI Mitigation for the Apertif Radio Transient System}",
      journal = {arXiv e-prints},
     keywords = {Astrophysics - Instrumentation and Methods for Astrophysics, Computer Science - Distributed, Parallel, and Cluster Computing},
         year = "2020",
        month = "Jan",
          eid = {arXiv:2001.03389},
        pages = {arXiv:2001.03389},
archivePrefix = {arXiv},
       eprint = {2001.03389},
 primaryClass = {astro-ph.IM},
       adsurl = {https://ui.adsabs.harvard.edu/abs/2020arXiv200103389S},
      adsnote = {Provided by the SAO/NASA Astrophysics Data System}
}




@INPROCEEDINGS{ovc10,
   author = {{Oosterloo}, T. and {Verheijen}, M. and {van Cappellen}, W.},
    title = "{The latest on Apertif}",
booktitle = {"ISKAF2010 Science Meeting", Van Leeuwen, Morganti, Serra (Eds.)},
     year = 2010,
archivePrefix = "arXiv",
   eprint = {1007.5141},
 primaryClass = "astro-ph.IM",
   adsurl = {http://adsabs.harvard.edu/abs/2010iska.meetE..43O},
  adsnote = {Provided by the SAO/NASA Astrophysics Data System}
}
%     note = {{\ttfamily [arXiv:1007.5141]}},


@ARTICLE{2019NatAs...3..188A,
       author = {{Adams}, Elizabeth A.~K. and {van Leeuwen}, Joeri},
        title = "{Radio surveys now both deep and wide}",
      journal = {Nature Astronomy},
         year = "2019",
        month = "Feb",
       volume = {3},
        pages = {188-188},
          doi = {10.1038/s41550-019-0692-4},
       adsurl = {https://ui.adsabs.harvard.edu/abs/2019NatAs...3..188A},
      adsnote = {Provided by the SAO/NASA Astrophysics Data System}
}

@ARTICLE{SDSS,
   author = {{York}, D.~G. and {Adelman}, J. and {Anderson}, Jr., J.~E. and 
	{Anderson}, S.~F. and {Annis}, J. and {Bahcall}, N.~A. and {Bakken}, J.~A. and 
	{Barkhouser}, R. and {Bastian}, S. and {Berman}, E. and {Boroski}, W.~N. and 
	{Bracker}, S. and {Briegel}, C. and {Briggs}, J.~W. and {Brinkmann}, J. and 
	{Brunner}, R. and {Burles}, S. and {Carey}, L. and {Carr}, M.~A. and 
	{Castander}, F.~J. and {Chen}, B. and {Colestock}, P.~L. and 
	{Connolly}, A.~J. and {Crocker}, J.~H. and {Csabai}, I. and 
	{Czarapata}, P.~C. and {Davis}, J.~E. and {Doi}, M. and {Dombeck}, T. and 
	{Eisenstein}, D. and {Ellman}, N. and {Elms}, B.~R. and {Evans}, M.~L. and 
	{Fan}, X. and {Federwitz}, G.~R. and {Fiscelli}, L. and {Friedman}, S. and 
	{Frieman}, J.~A. and {Fukugita}, M. and {Gillespie}, B. and 
	{Gunn}, J.~E. and {Gurbani}, V.~K. and {de Haas}, E. and {Haldeman}, M. and 
	{Harris}, F.~H. and {Hayes}, J. and {Heckman}, T.~M. and {Hennessy}, G.~S. and 
	{Hindsley}, R.~B. and {Holm}, S. and {Holmgren}, D.~J. and {Huang}, C.-h. and 
	{Hull}, C. and {Husby}, D. and {Ichikawa}, S.-I. and {Ichikawa}, T. and 
	{Ivezi{\'c}}, {\v Z}. and {Kent}, S. and {Kim}, R.~S.~J. and 
	{Kinney}, E. and {Klaene}, M. and {Kleinman}, A.~N. and {Kleinman}, S. and 
	{Knapp}, G.~R. and {Korienek}, J. and {Kron}, R.~G. and {Kunszt}, P.~Z. and 
	{Lamb}, D.~Q. and {Lee}, B. and {Leger}, R.~F. and {Limmongkol}, S. and 
	{Lindenmeyer}, C. and {Long}, D.~C. and {Loomis}, C. and {Loveday}, J. and 
	{Lucinio}, R. and {Lupton}, R.~H. and {MacKinnon}, B. and {Mannery}, E.~J. and 
	{Mantsch}, P.~M. and {Margon}, B. and {McGehee}, P. and {McKay}, T.~A. and 
	{Meiksin}, A. and {Merelli}, A. and {Monet}, D.~G. and {Munn}, J.~A. and 
	{Narayanan}, V.~K. and {Nash}, T. and {Neilsen}, E. and {Neswold}, R. and 
	{Newberg}, H.~J. and {Nichol}, R.~C. and {Nicinski}, T. and 
	{Nonino}, M. and {Okada}, N. and {Okamura}, S. and {Ostriker}, J.~P. and 
	{Owen}, R. and {Pauls}, A.~G. and {Peoples}, J. and {Peterson}, R.~L. and 
	{Petravick}, D. and {Pier}, J.~R. and {Pope}, A. and {Pordes}, R. and 
	{Prosapio}, A. and {Rechenmacher}, R. and {Quinn}, T.~R. and 
	{Richards}, G.~T. and {Richmond}, M.~W. and {Rivetta}, C.~H. and 
	{Rockosi}, C.~M. and {Ruthmansdorfer}, K. and {Sandford}, D. and 
	{Schlegel}, D.~J. and {Schneider}, D.~P. and {Sekiguchi}, M. and 
	{Sergey}, G. and {Shimasaku}, K. and {Siegmund}, W.~A. and {Smee}, S. and 
	{Smith}, J.~A. and {Snedden}, S. and {Stone}, R. and {Stoughton}, C. and 
	{Strauss}, M.~A. and {Stubbs}, C. and {SubbaRao}, M. and {Szalay}, A.~S. and 
	{Szapudi}, I. and {Szokoly}, G.~P. and {Thakar}, A.~R. and {Tremonti}, C. and 
	{Tucker}, D.~L. and {Uomoto}, A. and {Vanden Berk}, D. and {Vogeley}, M.~S. and 
	{Waddell}, P. and {Wang}, S.-i. and {Watanabe}, M. and {Weinberg}, D.~H. and 
	{Yanny}, B. and {Yasuda}, N. and {SDSS Collaboration}},
    title = "{The Sloan Digital Sky Survey: Technical Summary}",
  journal = {\aj},
   eprint = {astro-ph/0006396},
 keywords = {Cosmology: Observations, Instrumentation: Miscellaneous},
     year = 2000,
    month = sep,
   volume = 120,
    pages = {1579-1587},
      doi = {10.1086/301513},
   adsurl = {http://adsabs.harvard.edu/abs/2000AJ....120.1579Y},
  adsnote = {Provided by the SAO/NASA Astrophysics Data System}
}
@ARTICLE{Hankins16,
   author = {{Hankins}, T.~H. and {Eilek}, J.~A. and {Jones}, G.},
    title = "{The Crab Pulsar at Centimeter Wavelengths. II. Single Pulses}",
  journal = "ApJ",
     year = 2016,
    month = dec,
   volume = 833,
      eid = {47},
    pages = {47},
      doi = {10.3847/1538-4357/833/1/47},
   adsurl = {https://ui.adsabs.harvard.edu/abs/2016ApJ...833...47H},
}
@ARTICLE{Pearlman18,
       author = {{Pearlman}, Aaron B. and {Majid}, Walid A. and {Prince}, Thomas A. and {Kocz}, Jonathon and {Horiuchi}, Shinji},
        title = "{Pulse Morphology of the Galactic Center Magnetar PSR J1745-2900}",
      journal = "ApJ",
         year = "2018",
        month = "Oct",
       volume = {866},
       number = {2},
          eid = {160},
        pages = {160},
          doi = {10.3847/1538-4357/aade4d},
       adsurl = {https://ui.adsabs.harvard.edu/abs/2018ApJ...866..160P},
      adsnote = {Provided by the SAO/NASA Astrophysics Data System}
}
@ARTICLE{Maan19b,
       author = {{Maan}, Yogesh and {Joshi}, Bhal Chandra and {Surnis}, Mayuresh P. and {Bagchi}, Manjari and {Manoharan}, P.~K.},
        title = "{Distinct Properties of the Radio Burst Emission from the Magnetar XTE J1810─197}",
      journal = "ApJL",
         year = "2019",
        month = "Sep",
       volume = {882},
       number = {1},
          eid = {L9},
        pages = {L9},
          doi = {10.3847/2041-8213/ab3a47},
       adsurl = {https://ui.adsabs.harvard.edu/abs/2019ApJ...882L...9M},
      adsnote = {Provided by the SAO/NASA Astrophysics Data System}
}
@PHDTHESIS{oostrum20,
   author = {{Oostrum}, L.~C.},
    title = "{Fast Transients with Apertif}",
   school = {University of Amsterdam},
     note = "\emph{in prep.}",
     year = 2020
}

@INPROCEEDINGS{kaa+20,
       author = {{Hess}, K. and {Adams}, E.~A. and {Adebahr}, B. and {Connor}, L. and {De Blok}, E. and
         {D{\'e}nes}, H. and {Kutkin}, A. and {Lucero}, D. and
         {Maan}, Y. and {Morganti}, R. and {Moss}, V. and {Oosterloo}, T. and
         {Oostrum}, L. and {Orr{\`u}}, E. and {Petroff}, E. and {Schulz}, R. and
         {van der Hulst}, J. and {van Leeuwen}, J. and {Verheijen}, M. and
         {Vohl}, D. and {Apertif Team}},
        title = "{Apertif HI, Continuum, and Polarization Imaging Surveys}",
      journal = "{\mnras}, in prep.",
         year = "2020",
}



@ARTICLE{2020arXiv200106019S,
       author = {{Straal}, Samayra M. and {Connor}, Liam and {van Leeuwen}, Joeri},
        title = "{A dispersion excess from pulsar wind nebulae and supernova remnants: Implications for pulsars and FRBs}",
      journal = {A\&A accepted},
     keywords = {Astrophysics - High Energy Astrophysical Phenomena},
         year = "2020",
        month = "Jan",
          eid = {arXiv:2001.06019},
        pages = {arXiv:2001.06019},
archivePrefix = {arXiv},
       eprint = {2001.06019},
 primaryClass = {astro-ph.HE},
       adsurl = {https://ui.adsabs.harvard.edu/abs/2020arXiv200106019S},
      adsnote = {Provided by the SAO/NASA Astrophysics Data System}
}


@ARTICLE{2019arXiv191212217O,
       author = {{Oostrum}, L.~C. and {Maan}, Y. and {van Leeuwen}, J. and {Connor}, L. and
         {Petroff}, E. and {Attema}, J.~J. and {Bast}, J.~E. and
         {Gardenier}, D.~W. and {Hargreaves}, J.~E. and {Kooistra}, E. and
         {van der Schuur}, D. and {Sclocco}, A. and {Smits}, R. and
         {Straal}, S.~M. and {ter Veen}, S. and {Vohl}, D. and
         {Adams}, E.~A.~K. and {Adebahr}, B. and {de Blok}, W.~J.~G. and
         {den van Brink}, R.~H. and {van Cappellen}, W.~A. and
         {Coolen}, A.~H.~W.~M. and {Damstra}, S. and {van Diepen}, G.~N.~J. and
         {Frank}, B.~S. and {Hess}, K.~M. and {van der Hulst}, J.~M. and
         {Hut}, B. and {Ivashina}, M.~V. and {Loose}, G.~M. and {Lucero}, D.~M. and
         {Mika}, {\'A}. and {Morganti}, R.~H. and {Moss}, V.~A. and
         {Mulder}, H. and {Norden}, M.~J. and {Oosterloo}, T.~A. and
         {Orr{\'u}}, E. and {de Reijer}, J.~P.~R. and {Ruiter}, M. and
         {Vermaas}, N.~J. and {Wijnholds}, S.~J. and {Ziemke}, J.},
        title = "{Repeating fast radio bursts with WSRT/Apertif}",
      journal = {arXiv e-prints},
     keywords = {Astrophysics - High Energy Astrophysical Phenomena},
         year = "2019",
        month = "Dec",
          eid = {arXiv:1912.12217},
        pages = {arXiv:1912.12217},
archivePrefix = {arXiv},
       eprint = {1912.12217},
 primaryClass = {astro-ph.HE},
       adsurl = {https://ui.adsabs.harvard.edu/abs/2019arXiv191212217O},
      adsnote = {Provided by the SAO/NASA Astrophysics Data System}
}

