@ARTICLE{connor2017,
   author = {{Amiri}, M. and {Bandura}, K. and {Berger}, P. and {Bond}, J.~R. and 
  {Cliche}, J.~F. and {Connor}, L. and {Deng}, M. and {Denman}, N. and 
  {Dobbs}, M. and {Domagalski}, R.~S. and {Fandino}, M. and {Gilbert}, A.~J. and 
  {Good}, D.~C. and {Halpern}, M. and {Hanna}, D. and {Hincks}, A.~D. and 
  {Hinshaw}, G. and {H{\"o}fer}, C. and {Hsyu}, G. and {Klages}, P. and 
  {Landecker}, T.~L. and {Masui}, K. and {Mena-Parra}, J. and 
  {Newburgh}, L.~B. and {Oppermann}, N. and {Pen}, U.~L. and {Peterson}, J.~B. and 
  {Pinsonneault-Marotte}, T. and {Renard}, A. and {Shaw}, J.~R. and 
  {Siegel}, S.~R. and {Sigurdson}, K. and {Smith}, K. and {Storer}, E. and 
  {Tretyakov}, I. and {Vanderlinde}, K. and {Wiebe}, D.~V. and 
  {Scientific Collaboration20}, C.},
    title = "{Limits on the Ultra-bright Fast Radio Burst Population from the CHIME Pathfinder}",
  journal = {\apj},
 keywords = {instrumentation: interferometers, pulsars: general},
     year = 2017,
    month = aug,
   volume = 844,
      eid = {161},
    pages = {161},
      doi = {10.3847/1538-4357/aa713f},
   adsurl = {http://adsabs.harvard.edu/abs/2017ApJ...844..161A},
  adsnote = {Provided by the SAO/NASA Astrophysics Data System}
}

@ARTICLE{margalit-2020a,
       author = {{Margalit}, Ben and {Metzger}, Brian D. and {Sironi}, Lorenzo},
        title = "{Constraints on the engines of fast radio bursts}",
      journal = {\mnras},
     keywords = {acceleration of particles, plasmas, stars: magnetars, stars: neutron, Astrophysics - High Energy Astrophysical Phenomena},
         year = 2020,
        month = apr,
       volume = {494},
       number = {4},
        pages = {4627-4644},
          doi = {10.1093/mnras/staa1036},
archivePrefix = {arXiv},
       eprint = {1911.05765},
 primaryClass = {astro-ph.HE},
       adsurl = {https://ui.adsabs.harvard.edu/abs/2020MNRAS.494.4627M},
      adsnote = {Provided by the SAO/NASA Astrophysics Data System}
}




@ARTICLE{josephy-2019,
       author = {{Josephy}, A. and {Chawla}, P. and {Fonseca}, E. and {Ng}, C. and
         {Patel}, C. and {Pleunis}, Z. and {Scholz}, P. and {Andersen}, B.~C. and
         {Bandura}, K. and {Bhardwaj}, M. and {Boyce}, M.~M. and {Boyle}, P.~J. and
         {Brar}, C. and {Cubranic}, D. and {Dobbs}, M. and {Gaensler}, B.~M. and
         {Gill}, A. and {Giri}, U. and {Good}, D.~C. and {Halpern}, M. and
         {Hinshaw}, G. and {Kaspi}, V.~M. and {Landecker}, T.~L. and
         {Lang}, D.~A. and {Lin}, H. -H. and {Masui}, K.~W. and {Mckinven}, R. and
         {Mena-Parra}, J. and {Merryfield}, M. and {Michilli}, D. and
         {Milutinovic}, N. and {Naidu}, A. and {Pen}, U. and {Rafiei-Ravand
        i}, M. and {Rahman}, M. and {Ransom}, S.~M. and {Renard}, A. and
         {Siegel}, S.~R. and {Smith}, K.~M. and {Stairs}, I.~H. and
         {Tendulkar}, S.~P. and {Vanderlinde}, K. and {Yadav}, P. and
         {Zwaniga}, A.~V.},
        title = "{CHIME/FRB Detection of the Original Repeating Fast Radio Burst Source FRB 121102}",
      journal = {\apjl},
     keywords = {Radio bursts, Radio transient sources, Astrophysics - High Energy Astrophysical Phenomena, Astrophysics - Instrumentation and Methods for Astrophysics},
         year = 2019,
        month = sep,
       volume = {882},
       number = {2},
          eid = {L18},
        pages = {L18},
          doi = {10.3847/2041-8213/ab2c00},
archivePrefix = {arXiv},
       eprint = {1906.11305},
 primaryClass = {astro-ph.HE},
       adsurl = {https://ui.adsabs.harvard.edu/abs/2019ApJ...882L..18J},
      adsnote = {Provided by the SAO/NASA Astrophysics Data System}
}


@BOOK{mathstats,
  TITLE = {Probability and Mathematical Statistics},
  AUTHOR = {Sahoo, Prasanna},
  YEAR = {2013}, % I looked it up
  PUBLISHER = {Elsevier},
}

@ARTICLE{connor-2016a,
   author = {{Connor}, L. and {Sievers}, J. and {Pen}, U.-L.},
    title = "{Non-cosmological FRBs from young supernova remnant pulsars}",
  journal = {\mnras},
archivePrefix = "arXiv",
   eprint = {1505.05535},
 primaryClass = "astro-ph.HE",
 keywords = {pulsars: general, supernovae: general},
     year = 2016,
    month = may,
   volume = 458,
    pages = {L19-L23},
      doi = {10.1093/mnrasl/slv124},
   adsurl = {http://adsabs.harvard.edu/abs/2016MNRAS.458L..19C},
  adsnote = {Provided by the SAO/NASA Astrophysics Data System}
}

@ARTICLE{2016arXiv160302891L,
   author = {{Lyutikov}, M. and {Burzawa}, L. and {Popov}, S.~B.},
    title = "{Fast radio bursts as giant pulses from young rapidly rotating pulsars}",
  journal = {ArXiv e-prints},
archivePrefix = "arXiv",
   eprint = {1603.02891},
 primaryClass = "astro-ph.HE",
 keywords = {Astrophysics - High Energy Astrophysical Phenomena},
     year = 2016,
    month = mar,
   adsurl = {http://adsabs.harvard.edu/abs/2016arXiv160302891L},
  adsnote = {Provided by the SAO/NASA Astrophysics Data System}
}

@ARTICLE{2017ApJ...834L...7T,
   author = {{Tendulkar}, S.~P. and {Bassa}, C.~G. and {Cordes}, J.~M. and 
  {Bower}, G.~C. and {Law}, C.~J. and {Chatterjee}, S. and {Adams}, E.~A.~K. and 
  {Bogdanov}, S. and {Burke-Spolaor}, S. and {Butler}, B.~J. and 
  {Demorest}, P. and {Hessels}, J.~W.~T. and {Kaspi}, V.~M. and 
  {Lazio}, T.~J.~W. and {Maddox}, N. and {Marcote}, B. and {McLaughlin}, M.~A. and 
  {Paragi}, Z. and {Ransom}, S.~M. and {Scholz}, P. and {Seymour}, A. and 
  {Spitler}, L.~G. and {van Langevelde}, H.~J. and {Wharton}, R.~S.
  },
    title = "{The Host Galaxy and Redshift of the Repeating Fast Radio Burst FRB 121102}",
  journal = {\apjl},
archivePrefix = "arXiv",
   eprint = {1701.01100},
 primaryClass = "astro-ph.HE",
 keywords = {galaxies: distances and redshifts, galaxies: dwarf, galaxies: ISM, stars: magnetars, stars: neutron },
     year = 2017,
    month = jan,
   volume = 834,
      eid = {L7},
    pages = {L7},
      doi = {10.3847/2041-8213/834/2/L7},
   adsurl = {http://adsabs.harvard.edu/abs/2017ApJ...834L...7T},
  adsnote = {Provided by the SAO/NASA Astrophysics Data System}
}


@ARTICLE{2017ApJ...834L...8M,
   author = {{Marcote}, B. and {Paragi}, Z. and {Hessels}, J.~W.~T. and {Keimpema}, A. and 
  {van Langevelde}, H.~J. and {Huang}, Y. and {Bassa}, C.~G. and 
  {Bogdanov}, S. and {Bower}, G.~C. and {Burke-Spolaor}, S. and 
  {Butler}, B.~J. and {Campbell}, R.~M. and {Chatterjee}, S. and 
  {Cordes}, J.~M. and {Demorest}, P. and {Garrett}, M.~A. and 
  {Ghosh}, T. and {Kaspi}, V.~M. and {Law}, C.~J. and {Lazio}, T.~J.~W. and 
  {McLaughlin}, M.~A. and {Ransom}, S.~M. and {Salter}, C.~J. and 
  {Scholz}, P. and {Seymour}, A. and {Siemion}, A. and {Spitler}, L.~G. and 
  {Tendulkar}, S.~P. and {Wharton}, R.~S.},
    title = "{The Repeating Fast Radio Burst FRB 121102 as Seen on Milliarcsecond Angular Scales}",
  journal = {\apjl},
archivePrefix = "arXiv",
   eprint = {1701.01099},
 primaryClass = "astro-ph.HE",
 keywords = {radiation mechanisms: non-thermal, radio continuum: galaxies, techniques: high angular resolution },
     year = 2017,
    month = jan,
   volume = 834,
      eid = {L8},
    pages = {L8},
      doi = {10.3847/2041-8213/834/2/L8},
   adsurl = {http://adsabs.harvard.edu/abs/2017ApJ...834L...8M},
  adsnote = {Provided by the SAO/NASA Astrophysics Data System}
}

@ARTICLE{Oppermann18,
   author = {{Oppermann}, N. and {Yu}, H.-R. and {Pen}, U.-L.},
    title = "{On the non-Poissonian repetition pattern of FRB121102}",
  journal = {\mnras},
 keywords = {methods: statistical, pulsars: general},
     year = 2018,
    month = apr,
   volume = 475,
    pages = {5109-5115},
      doi = {10.1093/mnras/sty004},
   adsurl = {http://adsabs.harvard.edu/abs/2018MNRAS.475.5109O},
  adsnote = {Provided by the SAO/NASA Astrophysics Data System}
}


@ARTICLE{Oppermann16,
   author = {{Oppermann}, N. and {Connor}, L.~D. and {Pen}, U.-L.},
    title = "{The Euclidean distribution of fast radio bursts}",
  journal = {\mnras},
archivePrefix = "arXiv",
   eprint = {1604.03909},
 primaryClass = "astro-ph.HE",
 keywords = {methods: statistical, pulsars: general},
     year = 2016,
    month = sep,
   volume = 461,
    pages = {984-987},
      doi = {10.1093/mnras/stw1401},
   adsurl = {http://adsabs.harvard.edu/abs/2016MNRAS.461..984O},
  adsnote = {Provided by the SAO/NASA Astrophysics Data System}
}

@ARTICLE{connorgbt,
   author = {{Connor}, L. and {Lin}, H.-H. and {Masui}, K. and {Oppermann}, N. and 
  {Pen}, U.-L. and {Peterson}, J.~B. and {Roman}, A. and {Sievers}, J.
  },
    title = "{Constraints on the FRB rate at 700-900 MHz}",
  journal = {\mnras},
archivePrefix = "arXiv",
   eprint = {1602.07292},
 primaryClass = "astro-ph.HE",
 keywords = {methods: statistical, pulsars: general},
     year = 2016,
    month = jul,
   volume = 460,
    pages = {1054-1058},
      doi = {10.1093/mnras/stw907},
   adsurl = {http://adsabs.harvard.edu/abs/2016MNRAS.460.1054C},
  adsnote = {Provided by the SAO/NASA Astrophysics Data System}
}

@ARTICLE{2017arXiv170101098C,
   author = {{Chatterjee}, S. and {Law}, C.~J. and {Wharton}, R.~S. and {Burke-Spolaor}, S. and 
  {Hessels}, J.~W.~T. and {Bower}, G.~C. and {Cordes}, J.~M. and 
  {Tendulkar}, S.~P. and {Bassa}, C.~G. and {Demorest}, P. and 
  {Butler}, B.~J. and {Seymour}, A. and {Scholz}, P. and {Abruzzo}, M.~W. and 
  {Bogdanov}, S. and {Kaspi}, V.~M. and {Keimpema}, A. and {Lazio}, T.~J.~W. and 
  {Marcote}, B. and {McLaughlin}, M.~A. and {Paragi}, Z. and {Ransom}, S.~M. and 
  {Rupen}, M. and {Spitler}, L.~G. and {van Langevelde}, H.~J.
  },
    title = "{The direct localization of a fast radio burst and its host}",
  journal = {ArXiv e-prints},
archivePrefix = "arXiv",
   eprint = {1701.01098},
 primaryClass = "astro-ph.HE",
 keywords = {Astrophysics - High Energy Astrophysical Phenomena, Astrophysics - Cosmology and Nongalactic Astrophysics, Astrophysics - Instrumentation and Methods for Astrophysics},
     year = 2017,
    month = jan,
   adsurl = {http://adsabs.harvard.edu/abs/2017arXiv170101098C},
  adsnote = {Provided by the SAO/NASA Astrophysics Data System}
}